3067 4575
643 566 797 668 *13-

269 794 336 863 quo
364 798 460 863 quum
488 780 686 843 accusativus
713 777 811 863 plane
844 799 912 847 non
939 778 1057 845 habeat
1084 779 1170 847 unde

268 898 421 986 pendeat,
445 910 594 988 'apertum
617 911 667 967 est
687 900 889 969 scribendum
914 902 1012 970 fuisse
1034 896 1091 969 διὰ
1110 896 1171 981 τὰς

268 1017 443 1108 ὑποδοχάς.

581 1200 639 1264 Vs.
665 1201 730 1264 190
746 1236 786 1248 -
804 1202 857 1265 94.

317 1353 451 1421 Οἰνοῦσι
471 1356 531 1434 τῆς
553 1351 675 1435 στήλης
696 1355 732 1422 δὲ
753 1318 833 1441 τοιῗνςΙ
851 1347 945 1439 ἐγγὺς
966 1350 1086 1431 τόπους
1129 1336 1145 1362 s
1215 1318 1222 1343 x

312 1476 450 1541 Κελτῶν
473 1470 548 1541 ὅσοι
569 1472 726 1562 λήγουσιν
747 1470 839 1553 ὄντες
861 1478 993 1563 ἔσχατοι

311 1595 437 1673 ’Eumol
458 1621 493 1665 τε
513 1600 658 1665 καὶτῶν
679 1594 772 1677 ἐντὸς
794 1604 839 1676 εἰς
859 1592 920 1665 τὸν
939 1598 1072 1685 Ἀδρίαν

307 1716 439 1808 Ἴστρον
459 1745 494 1789 τε
515 1718 751 1802 καθηκόντων·
779 1722 910 1807 λέγουσι
931 1718 960 1787 δ’
979 1717 1127 1789 αὐτόθεν

312 1837 372 1909 τὸν
387 1838 518 1931 Ἴστρον
539 1839 646 1931 ἀρχὴν
668 1842 855 1930 λαμβάνειν
875 1845 935 1911 τοῦ
956 1839 1127 1932 ῥεύματος.

268 2002 322 2067 De
339 2000 513 2082 columnis,
542 2022 675 2089 quarum
696 2001 827 2067 alteram
853 2000 1013 2067 hocloco
1037 2022 1172 2067 comme-

267 2129 540 2213 moratscriptur,
561 2129 606 2191 ita
629 2124 1003 2212 disputavit-Latronnus
1025 2137 1062 2190 ut
1083 2125 1171 2190 suffi-

269 2249 346 2322 ciat3
369 2251 474 2314 minus
497 2248 538 2314 da
558 2246 689 2336 reliquis
711 2246 883 2314 adsentior.
928 2248 1064 2315 Prorsus
1087 2251 1170 2314 enim

270 2367 368 2433 aliani
390 2381 464 2436 sunt
485 2393 504 2434 a
526 2371 657 2458 Scymni
679 2383 747 2437 arte
770 2390 851 2459 quos
871 2393 967 2436 versu
988 2383 1101 2458 quarto
1123 2393 1172 2441 re·

269 2494 373 2558 stituit
399 2513 549 2558 numeros
581 2494 766 2560 inserenda
782 2505 893 2561 contra
927 2493 1046 2560 codicis
1073 2493 1170 2560 fidem

269 2614 425 2704 particula
446 2618 496 2694 τέ,
525 2616 651 2702 quade
672 2639 709 2682 re
730 2639 827 2704 supra
850 2615 968 2682 dictum
991 2629 1040 2682 est
1061 2616 1102 2682 ad
1123 2639 1170 2682 vs.

271 2740 345 2805 lta.
390 2738 586 2824 Quamquam
608 2739 673 2806 hoc
697 2739 824 2826 quidem
847 2738 1081 2804 incommodum
1104 2743 1168 2804 evi-

269 2873 339 2926 tare
366 2863 527 2948 potuisset
553 2858 728 2928 omittenda
750 2885 843 2949 quam
870 2860 978 2926 intulit
1003 2860 1166 2947 panucula,

269 2984 328 3051 sed
354 2987 413 3063 ita,
442 2993 479 3049 ut
497 2982 627 3072 Ἀδρίας
649 2985 797 3050 adiautivi
818 2984 924 3049 locum
947 2982 1106 3062 obtineat,
1135 2993 1181 3051 et.

269 3105 289 3174 ὀ
308 3105 440 3194 Ἀδρίας
453 3102 584 3195 Ἴστρος
604 3110 848 3196 coniungantur.
890 3105 1060 3192 Suymnum
1084 3109 1167 3172 enim
1243 3201 1247 3208 ι

270 3251 380 3296 eorum
409 3233 598 3296 sententiam
620 3240 787 3318 sequutum
814 3249 899 3309 esse,
928 3223 981 3315 qu‘i
1001 3229 1115 3294 Istrum
1136 3232 1171 3294 in

269 3353 335 3419 duo
350 3353 482 3419 flumina
496 3354 636 3443 disiungi
651 3355 872 3433 existimarent,
889 3373 1022 3439 quorum
1039 3346 1171 3416 altemin

268 3479 304 3541 in
319 3479 422 3542 sinum
437 3476 641 3557 Adriaticum,
662 3477 796 3542 altarum
811 3479 845 3540 in
860 3477 997 3541 Pontum
1015 3476 1171 3541 Euxinum

270 3603 384 3679 exiret,
412 3621 451 3666 ex
471 3622 518 3665 vs.
539 3602 606 3666 664
633 3597 833 3688 intelligitur:
858 3593 919 3678 τὴν
938 3592 1088 3683 ὑπεράνω
1107 3591 1172 3684 χώ-

270 3745 335 3810 ραν
355 3723 390 3789 δὲ
412 3726 506 3810 μέχρι
518 3725 581 3790 τοῦ
592 3722 762 3788 Ποντικοῦ
778 3715 908 3808 Ἴστρον
929 3722 1173 3809 numunianum
