3067 4575
712 570 754 610 XV

288 757 549 857 »compendium
574 761 778 857 composuit,
808 756 899 856 quod
923 758 1093 857 hodieque
1118 784 1186 829 ma·

288 919 378 990 »gna
411 918 455 965 ex
484 904 580 991 parte
612 903 743 963 extat.»
786 890 871 963 haec
901 894 1003 988 igitur
1033 888 1186 976 Vossius,

284 1028 341 1124 qui
372 1028 402 1097 si
434 1024 478 1098 de
509 1025 573 1097 illis
604 1024 695 1095 aliis
725 1023 876 1121 aliquot
906 1024 1066 1121 Scymni
1097 1024 1187 1097 λοοα

284 1154 493 1231 silentibus
517 1158 741 1251 interrogatus
766 1168 874 1241 esset,
900 1165 950 1226 sat
975 1157 1063 1240 seio,
1087 1181 1185 1250 prae-

283 1302 337 1363 ter
368 1288 582 1361 scholiastam
612 1284 798 1384 Apollonii,
830 1286 873 1359 de
899 1313 966 1385 quo
990 1283 1187 1357 Holstenius

284 1420 474 1518 disputavit,
490 1446 753 1493 commemorare
769 1422 936 1517 potuisset
948 1418 1082 1491 nullum
1109 1414 1187 1489 Ste-

283 1553 431 1651 phanum
455 1564 565 1625 autem
590 1580 692 1652 quum
725 1554 872 1651 opinioni
898 1578 978 1625 suae
1003 1549 1186 1624 defenden-

285 1684 350 1759 dae
374 1684 531 1772 advocat,
562 1688 635 1759 sine
660 1686 764 1759 dubio
789 1687 938 1783 respexit
967 1684 1010 1755 ad
1035 1704 1078 1757 ee
1100 1708 1188 1781 quae

283 1820 313 1890 is
345 1816 389 1891 de
418 1815 564 1915 Agatha,
597 1821 732 1891 civitate
758 1816 900 1904 Celtica,
933 1830 967 1889 et
1001 1816 1044 1889 de
1068 1812 1187 1888 Martis

279 1924 398 2037 insula,
424 1948 558 2023 Colchis
589 1952 811 2036 contermina,
842 1950 894 2021 his
918 1950 1032 2023 verbis
1059 1976 1187 2023 memo-

260 2087 353 2157 ‘riee
377 2082 539 2181 prodidit:

353 2207 534 2314 Ἀμάθης
559 2206 665 2302 πόλις
680 2208 834 2310 Λιγύων
857 2209 1056 2314 ἢΚελιῶν.
1085 2206 1187 2290 Σκύ-

285 2370 377 2443 μνος
408 2349 448 2420 δι’
476 2349 662 2422 Φωκαέων
692 2342 812 2448 αὐτήν
844 2371 957 2449 φησιν
982 2353 1021 2420 ἐν
1046 2375 1090 2450 κῃ
1115 2344 1187 2422 Εὐ-

286 2475 404 2583 ρωπῃ.

353 2608 511 2709 ’Ἀρεως
540 2616 692 2710 νῆσοςε
730 2607 825 2714 πρὸς
855 2623 933 2701 τοῖς
961 2605 1120 2707 Κόλχοις
1150 2619 1189 2687 ἐν

287 2749 338 2842 τῷ
362 2736 514 2840 Πόντῳ.
538 2738 715 2841 Σκύμνος
738 2752 778 2818 ἐν
797 2743 911 2843 Ἀσίᾳ.

285 2877 339 2952 Ac
362 2903 444 2951 sene
474 2889 653 2976 utrumque
683 2880 795 2952 locum
828 2881 926 2952 etiam
957 2881 991 2948 in
1015 2875 1189 2974 Periegesi

269 2995 399 3086 'nostra
423 3022 642 3084 memoratum
666 3014 832 3108 reperias,
860 3005 1025 3107 Agatham
1050 3037 1099 3082 vs.
1116 3010 1188 3084 207

288 3148 325 3217 οἱ
366 3144 597 3219 Μασσαλίαν
642 3143 834 3228 κτίσαντες.
872 3145 980 3236 ἔσχον
1022 3143 1191 3230 Φωκαεῖς

285 3270 450 3376 Ἀγοὶθην
469 3275 730 3350 Ῥοιλανοοσίαν
753 3303 802 3362 ιο,
827 3273 945 3348 Martis
970 3278 1108 3352 insulam
1131 3303 1200 3348 au-.

288 3424 356 3484 tem
381 3437 431 3482 vs.
447 3411 521 3484 913
546 3405 637 3482 καθ’
650 3403 696 3497 ἃς
713 3412 850 3510 ἔρημος
866 3415 1010 3508 κειμένη
1037 3398 1188 3508 [μικρὰ]

271 3525 448 3641 Ιπαρήκει
482 3547 597 3640 νῆσος
618 3539 753 3642 ’Ἀριως
789 3545 971 3642 λεγομένη.
1017 3545 1107 3640 atqui
1147 3568 1190 3614 ex

289 3677 356 3750 hoo
378 3679 552 3775 utriusque
576 3676 798 3775 chorographi
826 3703 991 3750 consensu
1013 3687 1105 3748 tanto
1130 3677 1189 3748 mi-
