3067 4575
730 527 881 628 „¹22-

354 738 451 819 είναι,
473 734 643 824 Γεωρχοδς
665 734 694 804 δ’
714 740 887 824 ἐχομένους
907 731 1032 802 τούτων
1054 730 1132 813 άνω,

353 866 463 929 ἔπειτα
484 857 584 927 πάλιν
606 862 728 948 ίρημον
750 861 803 924 ἐπὶ
823 855 928 925 πολῶν
949 855 1060 937 τόπον,

352 984 432 1071 ὑπὲρ
455 986 489 1051 δὲ
511 979 635 1064 ταύτην
654 977 890 1072 Ἀνδροφάγων
911 981 1065 1048 Σκυθῶν
1087 981 1198 1058 ίθνος,

354 1113 500 1175 ἐπέκεινα
522 1104 553 1173 δ’
575 1104 658 1173 εἶναι
680 1100 781 1170 πάλιν
803 1106 926 1191 ἔρημον
947 1107 1114 1189 ἐχομένην.

284 1254 337 1306 810
355 1226 413 1297 τόν
434 1225 657 1308 Παντικάπην
679 1223 833 1311 διαβάντι
853 1229 1033 1314 Λιμναίαν
1056 1228 1157 1303 έθνος

354 1349 447 1441 έτερά
469 1375 504 1418 τε
526 1348 648 1418 πλείον’
669 1347 708 1417 οίι
730 1351 991 1435 διωνομασμένα,

354 1468 532 1560 Νομαδικά
555 1470 585 1539 δ’
604 1468 841 1558 ἐπικαλούμευ’,
863 1470 983 1555 εὐσεβῆ
1002 1467 1099 1550 πάνυ,

354 1591 399 1665 ῶν
421 1594 496 1663 οὐδὲ
519 1591 564 1672 εἷς
585 1597 733 1682 ἔμψυχον
755 1591 912 1675 άδικήσαι
932 1592 1006 1660 ποτ’
1026 1589 1084 1658 άν·

354 1715 518 1810 οίκοφόρα
540 1715 582 1796 δ’,
604 1714 647 1794 ὡς
669 1715 788 1803 ε’ίρηκε,
810 1720 867 1783 καὶ
888 1713 1064 1800 σιτούμενα

283 1863 336 1915 815
353 1838 492 1929 γάλακτι
512 1848 586 1917 ταῖς
607 1838 818 1907 Σκυθικαίσί
838 1837 879 1903 θ’
897 1839 1145 1924 ἱππομολχίαις·

354 1966 450 2047 ζῶσιν
473 1966 506 2031 δὲ
529 1959 590 2044 τήν
611 1986 645 2029 τε
668 1965 782 2043 κτῆσιν
805 1957 1048 2047 άναδεδειχότες

353 2082 466 2169 κοινὴν
488 2082 644 2152 ἁπάντων
666 2082 726 2166 τήν
750 2082 788 2150 θ’
809 2080 891 2165 ὅλην
913 2086 1099 2151 συνουσίαν.

353 2214 409 2278 καὶ
430 2204 491 2277 τὸν
513 2202 622 2299 σοφόν
644 2206 673 2273 δ’
687 2202 885 2293 Ἀνάχαρσιν
906 2212 940 2273 ἐκ
963 2209 1027 2273 τῶν
1042 2204 1243 2291 Νομαδικῶν

354 2337 459 2426 φησὶν
479 2333 641 2418 γενέσθαι
661 2331 727 2396 τῶν
750 2327 872 2420 σφόδρ’
893 2326 1142 2415 εὐσεβεστάτων.

283 2473 335 2527 820
754 2455 811 2518 καὶ
831 2456 1026 2534 κατοικῆσαί
1047 2475 1139 2528 τινας

355 2587 400 2658 είς
421 2573 482 2658 τὴν
502 2576 616 2644 Ἀσίαν
638 2569 818 2654 ἐλθόντας,
842 2571 899 2653 οὓς
920 2571 962 2657 δὴ
983 2579 1040 2642 καὶ
1061 2571 1183 2651 Σάκας

353 2701 521 2768 καλοῦσιν.
545 2693 771 2782 εὐσημότατον
793 2692 877 2764 εἶναί
898 2720 982 2791 φησι
1004 2701 1039 2765 δέ

352 2820 391 2890 τὸ
414 2821 649 2910 Σαυροματῶν
670 2822 726 2886 καὶ
749 2822 815 2886 τῶν
836 2821 993 2889 Γελωνῶν
1014 2823 1071 2888 καὶ
1092 2823 1205 2909 τρίτον

353 2973 553 2986 ..-.----

409 3051 469 3106 806.
494 3043 560 3106 εἶναι
578 3057 605 3108 δέ
623 3055 750 3124 χεωρχοίις
769 3061 831 3108 ante
848 3050 883 3107 Μ.
919 3052 1020 3106 τούτων
1038 3049 1175 3116 Holsten„
1195 3052 1258 3113 τοὺς

352 3149 403 3201 τῶν
420 3145 453 3202 Α.
530 3148 589 3202 809.
614 3144 639 3201 δ’
654 3140 721 3202 εἶναι
739 3150 817 3202 πάλιν
835 3153 928 3221 ἔρημον
947 3143 987 3212 Μ,
1010 3147 1088 3201 πάλιν
1106 3152 1199 3219 ἴρημον
1219 3138 1257 3200 εί-

352 3261 396 3294 ναι
417 3239 449 3294 Α.
491 3237 548 3296 cfr.
572 3236 720 3295 comment.
745 3261 773 3318 p.
789 3243 832 3295 30.
918 3241 978 3295 813.
1002 3236 1035 3294 ῶν
1064 3237 1149 3303 οὐδεὶς
1171 3239 1257 3313 ἐμψύ-

351 3355 403 3401 χων
426 3332 552 3404 ἀδικῆσαί
575 3332 637 3387 ποτ’
653 3333 687 3388 ἄν
709 3334 747 3398 Α,
774 3352 842 3388 corr.
866 3331 976 3388 Bantius
998 3332 1086 3410 Epist.
1115 3353 1151 3388 cr.
1173 3353 1199 3409 p.
1215 3335 1256 3388 16.

352 3427 413 3481 815.
437 3437 495 3489 ταῖς
512 3433 678 3483 Σκυθικαῖσί
696 3425 727 3481 θ’
754 3423 791 3492 L,
819 3432 968 3490 Σκυθικαῖς
989 3425 1022 3482 Α.
1069 3433 1257 3499 ἱππημολχίαις

352 3519 505 3578 fludsonus.
575 3521 635 3575 817.
655 3526 807 3594 παρουσίαν
825 3539 876 3596 pro
893 3519 1000 3596 vulgato
1020 3519 1114 3577 οὖσίαν
1132 3519 1166 3576 Μ.
1197 3518 1256 3576 Csr.

353 3613 501 3670 comment.
526 3635 552 3691 p.
571 3617 613 3669 ⁵1.
694 3615 754 3668 821.
773 3616 867 3677 Σάκας
884 3613 1055 3681 Ηοίεῑεοίοε,
1077 3616 1205 3687 Σάβακας
1223 3614 1256 3670 Α.

352 3709 412 3764 822.
432 3703 501 3764 εἶναί
517 3729 580 3781 φησι
602 3712 633 3764 δέ
647 3705 687 3775 Μ,
707 3713 734 3764 δὲ
752 3701 822 3763 εἷναί
839 3731 917 3783 φησιν
935 3708 968 3765 Α.
1046 3711 1108 3764 823.
1129 3711 1162 3765 τό
1180 3715 1256 3766 Σαυ-
