3067 4575
743 574 893 673 —m—

369 788 591 856 Chersonesus
612 789 645 850 in
667 783 777 850 infima
798 781 987 870 peninsulae
1000 791 1093 866 parte
1105 781 1174 842 sita
1200 779 1274 841 eins

368 933 489 978 nomen
511 931 567 976 cur
588 920 701 974 contra
722 929 846 972 mamm
868 927 959 970 suum
979 907 1117 990 scriptor
1137 904 1273 966 reticue-

369 1038 426 1112 rit,
455 1055 552 1120 quum
574 1054 698 1096 causam
721 1029 849 1094 videam
869 1027 1004 1104 nullam,
1027 1029 1138 1090 nescio
1160 1047 1201 1087 an
1223 1045 1273 1087 se

370 1156 476 1223 crrndo
498 1177 594 1220 versu
615 1153 820 1218 scribendum
838 1155 881 1215 sit
900 1147 999 1215 πόλιν
1019 1146 1126 1233 ἔχοντ’
1145 1143 1273 1230 ‹ipsim-

369 1301 443 1366 μον.
487 1274 617 1354 τούτοις
646 1277 784 1341 fortasse
812 1273 855 1338 ad
875 1274 1120 1358 Borystbemtas
1141 1279 1273 1356 spectat,

371 1425 452 1491 quos
474 1405 620 1488 proximo
647 1399 723 1464 loco
746 1409 822 1464 ante
844 1401 1012 1462 Tauricam
1035 1394 1273 1462 Chersonesum

372 1545 636 1592 commemorasse
657 1521 793 1586 videtur.
826 1523 866 1586 ln
887 1519 1000 1585 eadem
1021 1521 1166 1583 carminis
1182 1527 1273 1603 parte

370 1647 479 1713 locum
496 1645 645 1709 habuisse
660 1649 807 1731 suspicor
820 1667 903 1732 quae
919 1643 1072 1734 leguntur
1084 1639 1169 1728 apud
1183 1642 1274 1704 Ano-

371 1791 503 1855 nymum
524 1792 556 1854 p.
567 1769 602 1832 8:
626 1764 833 1852 ὁἈχίλλειος
848 1765 981 1856 δρόμος,
1003 1762 1084 1853 ὅπερ
1098 1769 1187 1830 ἐστὶν
1198 1757 1273 1846 ᾐών,

372 1894 541 1957 τουτέστιν
575 1891 741 1974 ciricius,
775 1887 910 1979 σφόδρα
942 1883 1056 1975 μιαρὰ
1083 1890 1139 1952 καὶ
1166 1879 1273 1964 στενή.

374 2013 468 2101 Quae
489 2015 534 2077 ita
560 2011 729 2078 scribenda
750 2013 914 2078 videntur:

723 2134 899 2220 Ἀχίλλεισς
919 2131 1052 2224 δρόμος,

419 2255 499 2347 ὅπερ
522 2262 611 2325 ἐστὶν
632 2253 700 2348 ᾐών
721 2255 856 2350 σφόδρα
876 2253 989 2347 μακροί
1009 2280 1045 2323 τε
1066 2260 1123 2322 καὶ
1144 2252 1250 2335 στενή.

375 2382 440 2446 Vix
462 2383 546 2445 enim
569 2380 722 2447 credibile
745 2394 796 2447 est
816 2394 879 2446 tam
894 2382 1031 2448 celebris
1046 2383 1184 2445 nominis
1198 2402 1278 2466 pen-

374 2502 510 2570 insulam
539 2504 746 2595 aPeriegeta
769 2504 897 2571 silentio
923 2527 995 2570 esse
1015 2507 1276 2592 praetermissam.

374 2628 486 2717 Pergit
507 2626 659 2715 deinceps
681 2626 757 2693 inde
779 2650 799 2692 a
820 2650 868 2691 vs.
883 2630 949 2693 893
970 2632 1028 2693 ita:

419 2760 490 2829 τοῖς
508 2744 753 2835 Ἡρακλεώταις
774 2757 952 2834 γενομένου
970 2754 1124 2839 χρησμοῦ
1142 2774 1231 2827 τινος

419 2880 491 2949 τοῖς
511 2866 574 2953 τὴν
593 2872 709 2939 Ἀσίαν
731 2874 878 2939 οἰκοῦσιν
899 2867 1180 2951 arrogaverim,

421 2990 494 3080 ἅμα
515 2996 648 3077 Δηλίοις
668 2992 730 3077 τὴν
748 2992 954 3083 χερρόνησον
974 3000 1106 3064 οὶκίσαν.

376 3117 585 3183 Heracleotes
614 3119 767 3209 intelligit
788 3122 958 3199 Ponticos,
984 3142 1066 3207 quos
1088 3131 1124 3185 ut
1144 3118 1186 3184 ab
1208 3116 1281 3183 aliis

378 3239 520 3306 eiusdem
542 3245 679 3306 nominis
701 3247 735 3308 in
757 3246 835 3309 Asia
862 3244 1043 3309 civitatibus
1068 3242 1283 3331 distingueret
1397 3284 1399 3308 .

378 3362 524 3450 scriptor
537 3365 625 3443 (nam
646 3364 772 3451 Lydiae
794 3386 922 3451 quoque
944 3378 978 3432 et
997 3354 1116 3433 Cariae
1136 3366 1282 3431 feruntur

379 3484 567 3568 Heracleae)
590 3498 623 3552 et
644 3487 697 3552 hic
719 3498 752 3553 et
772 3510 820 3553 vs.
835 3491 902 3555 913
923 3490 1050 3556 addidit
1073 3484 1167 3565 ἐντὸς
1186 3488 1283 3553 Κνα-

456 3632 469 3671 ¹.
499 3604 591 3687 ἐντὸς
612 3621 717 3675 autem
740 3611 829 3691 dicit,
857 3634 925 3678 non
947 3610 1054 3691 ἐκτός,
1076 3615 1225 3700 quoniam
1247 3613 1283 3675 in

468 3734 532 3797 mia
559 3734 758 3819 versabatur,
787 3735 863 3802 dum
889 3736 970 3802 baec
993 3737 1154 3803 scribebat
1175 3736 1284 3799 Perie-
