<?xml version="1.0" encoding="UTF-8"?>
<!DOCTYPE html PUBLIC "-//W3C//DTD XHTML 1.0 Transitional//EN"
    "http://www.w3.org/TR/xhtml1/DTD/xhtml1-transitional.dtd">
<html xmlns="http://www.w3.org/1999/xhtml" xml:lang="en" lang="en">
 <head>
  <title>
</title>
<meta http-equiv="Content-Type" content="text/html;charset=utf-8" />
  <meta name='ocr-system' content='tesseract 3.04.00' />
  <meta name='ocr-capabilities' content='ocr_page ocr_carea ocr_par ocr_line ocrx_word'/>
</head>
<body>
  <div class='ocr_page' id='page_1' title='image "./scymnichiiperie00callgoog_0026.png"; bbox 0 0 3067 4575; ppageno 0'>
   <div class='ocr_carea' id='block_1_1' title="bbox 751 586 834 627">
    <p class='ocr_par' dir='ltr' id='par_1_1' title="bbox 751 586 834 627">
     <span class='ocr_line' id='line_1_1' title="bbox 751 586 834 627; baseline 0 0"><span class='ocrx_word' id='word_1_1' title='bbox 751 586 834 627; x_wconf 82' lang='lat' dir='ltr'>xvnl</span> 
     </span>
    </p>
   </div>
   <div class='ocr_carea' id='block_1_2' title="bbox 720 656 868 665">
    <p class='ocr_par' dir='ltr' id='par_1_2' title="bbox 720 656 868 665">
     <span class='ocr_line' id='line_1_2' title="bbox 720 656 868 665; baseline 0 -2"><span class='ocrx_word' id='word_1_2' title='bbox 720 656 868 665; x_wconf 77' lang='lat'>——-—</span> 
     </span>
    </p>
   </div>
   <div class='ocr_carea' id='block_1_3' title="bbox 287 775 1244 2861">
    <p class='ocr_par' dir='ltr' id='par_1_3' title="bbox 287 775 1244 2861">
     <span class='ocr_line' id='line_1_3' title="bbox 287 775 1243 875; baseline 0 -29"><span class='ocrx_word' id='word_1_3' title='bbox 287 819 291 832; x_wconf 38' lang='grc' dir='ltr'><strong>κ</strong></span> <span class='ocrx_word' id='word_1_4' title='bbox 341 804 363 846; x_wconf 89' lang='lat' dir='ltr'>a</span> <span class='ocrx_word' id='word_1_5' title='bbox 385 776 562 848; x_wconf 81' lang='lat' dir='ltr'><strong>scholiasta</strong></span> <span class='ocrx_word' id='word_1_6' title='bbox 588 775 761 847; x_wconf 80' lang='lat' dir='ltr'>dissensus</span> <span class='ocrx_word' id='word_1_7' title='bbox 785 789 899 873; x_wconf 86' lang='lat' dir='ltr'>potest</span> <span class='ocrx_word' id='word_1_8' title='bbox 920 778 965 848; x_wconf 89' lang='lat' dir='ltr'>ita</span> <span class='ocrx_word' id='word_1_9' title='bbox 989 788 1036 863; x_wconf 77' lang='lat' dir='ltr'>ut,</span> <span class='ocrx_word' id='word_1_10' title='bbox 1062 802 1146 875; x_wconf 89' lang='lat' dir='ltr'>quae</span> <span class='ocrx_word' id='word_1_11' title='bbox 1164 776 1243 847; x_wconf 88' lang='lat' dir='ltr'>nihil</span> 
     </span>
     <span class='ocr_line' id='line_1_4' title="bbox 341 908 1243 995; baseline 0.001 -14"><span class='ocrx_word' id='word_1_12' title='bbox 341 936 403 981; x_wconf 92' lang='lat' dir='ltr'>suo</span> <span class='ocrx_word' id='word_1_13' title='bbox 435 910 575 981; x_wconf 87' lang='lat' dir='ltr'>consilio</span> <span class='ocrx_word' id='word_1_14' title='bbox 606 908 799 981; x_wconf 83' lang='lat' dir='ltr'>conducere</span> <span class='ocrx_word' id='word_1_15' title='bbox 828 908 983 995; x_wconf 86' lang='lat' dir='ltr'>vidisset,</span> <span class='ocrx_word' id='word_1_16' title='bbox 1016 910 1168 981; x_wconf 86' lang='lat' dir='ltr'>consulto</span> <span class='ocrx_word' id='word_1_17' title='bbox 1200 911 1243 983; x_wconf 87' lang='lat' dir='ltr'>ab</span> 
     </span>
     <span class='ocr_line' id='line_1_5' title="bbox 341 1039 1244 1142; baseline 0 -29"><span class='ocrx_word' id='word_1_18' title='bbox 341 1040 519 1142; x_wconf 77' lang='lat' dir='ltr'>Anonymo</span> <span class='ocrx_word' id='word_1_19' title='bbox 551 1043 674 1112; x_wconf 91' lang='lat' dir='ltr'>omissa</span> <span class='ocrx_word' id='word_1_20' title='bbox 705 1039 806 1113; x_wconf 90' lang='lat' dir='ltr'>dicas.</span> <span class='ocrx_word' id='word_1_21' title='bbox 840 1054 873 1113; x_wconf 89' lang='lat' dir='ltr'>at</span> <span class='ocrx_word' id='word_1_22' title='bbox 896 1044 1047 1139; x_wconf 89' lang='lat' dir='ltr'>precaria</span> <span class='ocrx_word' id='word_1_23' title='bbox 1077 1042 1162 1115; x_wconf 90' lang='lat' dir='ltr'>haec</span> <span class='ocrx_word' id='word_1_24' title='bbox 1192 1054 1244 1114; x_wconf 88' lang='lat' dir='ltr'>est</span> 
     </span>
     <span class='ocr_line' id='line_1_6' title="bbox 341 1172 1243 1273; baseline 0.002 -28"><span class='ocrx_word' id='word_1_25' title='bbox 341 1177 513 1246; x_wconf 76' lang='lat' dir='ltr'><strong>excusatio</strong></span> <span class='ocrx_word' id='word_1_26' title='bbox 537 1200 649 1273; x_wconf 89' lang='lat' dir='ltr'>neque</span> <span class='ocrx_word' id='word_1_27' title='bbox 666 1176 746 1245; x_wconf 87' lang='lat' dir='ltr'>satis</span> <span class='ocrx_word' id='word_1_28' title='bbox 764 1173 891 1245; x_wconf 84' lang='lat' dir='ltr'>factura</span> <span class='ocrx_word' id='word_1_29' title='bbox 905 1176 947 1245; x_wconf 91' lang='lat' dir='ltr'>iis</span> <span class='ocrx_word' id='word_1_30' title='bbox 965 1176 1021 1273; x_wconf 91' lang='lat' dir='ltr'>qui</span> <span class='ocrx_word' id='word_1_31' title='bbox 1037 1176 1109 1273; x_wconf 89' lang='lat' dir='ltr'>ipsa</span> <span class='ocrx_word' id='word_1_32' title='bbox 1127 1172 1243 1247; x_wconf 86' lang='lat' dir='ltr'>Perie-</span> 
     </span>
     <span class='ocr_line' id='line_1_7' title="bbox 339 1308 1242 1407; baseline 0.001 -29"><span class='ocrx_word' id='word_1_33' title='bbox 339 1319 439 1403; x_wconf 84' lang='lat' dir='ltr'>getae</span> <span class='ocrx_word' id='word_1_34' title='bbox 462 1308 568 1380; x_wconf 83' lang='lat' dir='ltr'>verba</span> <span class='ocrx_word' id='word_1_35' title='bbox 591 1309 808 1404; x_wconf 78' lang='lat' dir='ltr'>inspexerint,</span> <span class='ocrx_word' id='word_1_36' title='bbox 834 1308 1033 1405; x_wconf 84' lang='lat' dir='ltr'>quibuscum</span> <span class='ocrx_word' id='word_1_37' title='bbox 1059 1334 1126 1407; x_wconf 92' lang='lat' dir='ltr'>quo</span> <span class='ocrx_word' id='word_1_38' title='bbox 1142 1320 1242 1406; x_wconf 89' lang='lat' dir='ltr'>pacto</span> 
     </span>
     <span class='ocr_line' id='line_1_8' title="bbox 339 1438 1242 1539; baseline 0.003 -29"><span class='ocrx_word' id='word_1_39' title='bbox 339 1440 420 1511; x_wconf 83' lang='lat' dir='ltr'>illud</span> <span class='ocrx_word' id='word_1_40' title='bbox 438 1440 482 1511; x_wconf 91' lang='lat' dir='ltr'>de</span> <span class='ocrx_word' id='word_1_41' title='bbox 498 1438 703 1536; x_wconf 81' lang='lat' dir='ltr'>Argonautis</span> <span class='ocrx_word' id='word_1_42' title='bbox 720 1439 908 1536; x_wconf 87' lang='lat' dir='ltr'>episodium</span> <span class='ocrx_word' id='word_1_43' title='bbox 929 1442 1146 1538; x_wconf 81' lang='lat' dir='ltr'>conglutinari</span> <span class='ocrx_word' id='word_1_44' title='bbox 1162 1468 1242 1539; x_wconf 89' lang='lat' dir='ltr'>pos-</span> 
     </span>
     <span class='ocr_line' id='line_1_9' title="bbox 339 1550 1243 1675; baseline 0.003 -31"><span class='ocrx_word' id='word_1_45' title='bbox 339 1575 383 1644; x_wconf 87' lang='lat' dir='ltr'>sit</span> <span class='ocrx_word' id='word_1_46' title='bbox 398 1574 533 1643; x_wconf 89' lang='lat' dir='ltr'>minime</span> <span class='ocrx_word' id='word_1_47' title='bbox 550 1550 698 1667; x_wconf 82' lang='lat' dir='ltr'>apparet.</span> <span class='ocrx_word' id='word_1_48' title='bbox 725 1570 857 1642; x_wconf 89' lang='lat' dir='ltr'>accedit</span> <span class='ocrx_word' id='word_1_49' title='bbox 874 1572 965 1669; x_wconf 88' lang='lat' dir='ltr'>quod</span> <span class='ocrx_word' id='word_1_50' title='bbox 981 1576 1054 1670; x_wconf 89' lang='lat' dir='ltr'>ipsa</span> <span class='ocrx_word' id='word_1_51' title='bbox 1069 1574 1133 1661; x_wconf 89' lang='lat' dir='ltr'>illa,</span> <span class='ocrx_word' id='word_1_52' title='bbox 1157 1600 1243 1675; x_wconf 86' lang='lat' dir='ltr'>quae</span> 
     </span>
     <span class='ocr_line' id='line_1_10' title="bbox 340 1702 1243 1803; baseline 0.001 -26"><span class='ocrx_word' id='word_1_53' title='bbox 340 1704 536 1803; x_wconf 84' lang='lat' dir='ltr'>eScymno</span> <span class='ocrx_word' id='word_1_54' title='bbox 568 1702 675 1773; x_wconf 88' lang='lat' dir='ltr'>attulit</span> <span class='ocrx_word' id='word_1_55' title='bbox 705 1702 918 1789; x_wconf 86' lang='lat' dir='ltr'>scholiastes,</span> <span class='ocrx_word' id='word_1_56' title='bbox 949 1708 1013 1776; x_wconf 88' lang='lat' dir='ltr'>nisi</span> <span class='ocrx_word' id='word_1_57' title='bbox 1044 1708 1243 1802; x_wconf 89' lang='lat' dir='ltr'>primitivam</span> 
     </span>
     <span class='ocr_line' id='line_1_11' title="bbox 339 1834 1244 1932; baseline 0.001 -24"><span class='ocrx_word' id='word_1_58' title='bbox 339 1838 497 1909; x_wconf 85' lang='lat' dir='ltr'>orationis</span> <span class='ocrx_word' id='word_1_59' title='bbox 522 1834 661 1907; x_wconf 85' lang='lat' dir='ltr'>sormam</span> <span class='ocrx_word' id='word_1_60' title='bbox 686 1860 825 1932; x_wconf 82' lang='lat' dir='ltr'>prorsus</span> <span class='ocrx_word' id='word_1_61' title='bbox 842 1838 1046 1908; x_wconf 85' lang='lat' dir='ltr'>immutatam</span> <span class='ocrx_word' id='word_1_62' title='bbox 1072 1837 1174 1923; x_wconf 86' lang='lat' dir='ltr'>dicas,</span> <span class='ocrx_word' id='word_1_63' title='bbox 1199 1841 1244 1909; x_wconf 89' lang='lat' dir='ltr'>ita</span> 
     </span>
     <span class='ocr_line' id='line_1_12' title="bbox 339 1968 1244 2067; baseline 0.001 -26"><span class='ocrx_word' id='word_1_64' title='bbox 339 1980 529 2066; x_wconf 90' lang='lat' dir='ltr'>comparata</span> <span class='ocrx_word' id='word_1_65' title='bbox 561 1980 654 2055; x_wconf 85' lang='lat' dir='ltr'>sunt,</span> <span class='ocrx_word' id='word_1_66' title='bbox 683 1980 722 2039; x_wconf 88' lang='lat' dir='ltr'>ut</span> <span class='ocrx_word' id='word_1_67' title='bbox 747 1968 918 2066; x_wconf 90' lang='lat' dir='ltr'>quomodo</span> <span class='ocrx_word' id='word_1_68' title='bbox 949 1972 1095 2041; x_wconf 86' lang='lat' dir='ltr'>numeris</span> <span class='ocrx_word' id='word_1_69' title='bbox 1119 1970 1244 2067; x_wconf 84' lang='lat' dir='ltr'>illigata</span> 
     </span>
     <span class='ocr_line' id='line_1_13' title="bbox 339 2101 1243 2199; baseline -0.001 -24"><span class='ocrx_word' id='word_1_70' title='bbox 339 2103 461 2175; x_wconf 77' lang='lat' dir='ltr'>fiacrint</span> <span class='ocrx_word' id='word_1_71' title='bbox 491 2103 548 2172; x_wconf 84' lang='lat' dir='ltr'>vix</span> <span class='ocrx_word' id='word_1_72' title='bbox 577 2101 759 2198; x_wconf 80' lang='lat' dir='ltr'>inteliigas,</span> <span class='ocrx_word' id='word_1_73' title='bbox 795 2103 993 2197; x_wconf 86' lang='lat' dir='ltr'>praesertim</span> <span class='ocrx_word' id='word_1_74' title='bbox 1027 2127 1128 2199; x_wconf 89' lang='lat' dir='ltr'>quum</span> <span class='ocrx_word' id='word_1_75' title='bbox 1162 2102 1243 2174; x_wconf 89' lang='lat' dir='ltr'>illud</span> 
     </span>
     <span class='ocr_line' id='line_1_14' title="bbox 339 2225 1242 2335; baseline -0.002 -27"><span class='ocrx_word' id='word_1_76' title='bbox 339 2236 401 2308; x_wconf 74' lang='grc' dir='ltr'>ἐπὶ</span> <span class='ocrx_word' id='word_1_77' title='bbox 423 2225 673 2334; x_wconf 76' lang='grc' dir='ltr'><strong><em>σαυρωτήρων</em></strong></span> <span class='ocrx_word' id='word_1_78' title='bbox 696 2236 893 2333; x_wconf 81' lang='lat' dir='ltr'>exquisitius</span> <span class='ocrx_word' id='word_1_79' title='bbox 918 2234 1043 2306; x_wconf 87' lang='lat' dir='ltr'>dictum</span> <span class='ocrx_word' id='word_1_80' title='bbox 1067 2236 1118 2323; x_wconf 90' lang='lat' dir='ltr'>sit,</span> <span class='ocrx_word' id='word_1_81' title='bbox 1144 2246 1242 2335; x_wconf 85' lang='lat' dir='ltr'>quam</span> 
     </span>
     <span class='ocr_line' id='line_1_15' title="bbox 339 2367 1242 2468; baseline 0 -28"><span class='ocrx_word' id='word_1_82' title='bbox 339 2368 431 2468; x_wconf 90' lang='lat' dir='ltr'>quod</span> <span class='ocrx_word' id='word_1_83' title='bbox 455 2395 475 2438; x_wconf 89' lang='lat' dir='ltr'>a</span> <span class='ocrx_word' id='word_1_84' title='bbox 500 2367 677 2440; x_wconf 78' lang='lat' dir='ltr'>scholiasta</span> <span class='ocrx_word' id='word_1_85' title='bbox 694 2367 828 2440; x_wconf 85' lang='lat' dir='ltr'>demum</span> <span class='ocrx_word' id='word_1_86' title='bbox 847 2370 1015 2440; x_wconf 87' lang='lat' dir='ltr'>invectum</span> <span class='ocrx_word' id='word_1_87' title='bbox 1036 2393 1113 2442; x_wconf 90' lang='lat' dir='ltr'>esse</span> <span class='ocrx_word' id='word_1_88' title='bbox 1128 2368 1242 2441; x_wconf 90' lang='lat' dir='ltr'>videa-</span> 
     </span>
     <span class='ocr_line' id='line_1_16' title="bbox 338 2500 1242 2600; baseline 0 -26"><span class='ocrx_word' id='word_1_89' title='bbox 338 2515 406 2574; x_wconf 88' lang='lat' dir='ltr'>tur:</span> <span class='ocrx_word' id='word_1_90' title='bbox 438 2528 538 2600; x_wconf 90' lang='lat' dir='ltr'>quam</span> <span class='ocrx_word' id='word_1_91' title='bbox 571 2500 708 2599; x_wconf 88' lang='lat' dir='ltr'>quidem</span> <span class='ocrx_word' id='word_1_92' title='bbox 738 2503 964 2598; x_wconf 87' lang='lat' dir='ltr'>suspicionem</span> <span class='ocrx_word' id='word_1_93' title='bbox 998 2504 1096 2574; x_wconf 84' lang='lat' dir='ltr'>ctiam</span> <span class='ocrx_word' id='word_1_94' title='bbox 1127 2504 1242 2600; x_wconf 85' lang='lat' dir='ltr'>augeri</span> 
     </span>
     <span class='ocr_line' id='line_1_17' title="bbox 338 2627 1241 2731; baseline 0.001 -26"><span class='ocrx_word' id='word_1_95' title='bbox 338 2635 511 2720; x_wconf 82' lang='lat' dir='ltr'>fatebitur,</span> <span class='ocrx_word' id='word_1_96' title='bbox 542 2635 599 2731; x_wconf 88' lang='lat' dir='ltr'>qui</span> <span class='ocrx_word' id='word_1_97' title='bbox 623 2635 687 2704; x_wconf 89' lang='lat' dir='ltr'>ista</span> <span class='ocrx_word' id='word_1_98' title='bbox 710 2635 745 2704; x_wconf 88' lang='lat' dir='ltr'>in</span> <span class='ocrx_word' id='word_1_99' title='bbox 777 2627 911 2706; x_wconf 83' lang='lat' dir='ltr'>scholiis</span> <span class='ocrx_word' id='word_1_100' title='bbox 936 2631 1092 2708; x_wconf 87' lang='lat' dir='ltr'>Parisinis</span> <span class='ocrx_word' id='word_1_101' title='bbox 1116 2638 1162 2708; x_wconf 89' lang='lat' dir='ltr'>ita</span> <span class='ocrx_word' id='word_1_102' title='bbox 1186 2661 1241 2707; x_wconf 88' lang='lat' dir='ltr'>re-</span> 
     </span>
     <span class='ocr_line' id='line_1_18' title="bbox 338 2757 1240 2861; baseline -0.001 -22"><span class='ocrx_word' id='word_1_103' title='bbox 338 2766 418 2840; x_wconf 84' lang='lat' dir='ltr'>ferri</span> <span class='ocrx_word' id='word_1_104' title='bbox 447 2765 583 2838; x_wconf 83' lang='lat' dir='ltr'>viderit:</span> <span class='ocrx_word' id='word_1_105' title='bbox 615 2757 793 2861; x_wconf 77' lang='grc' dir='ltr'><strong><em>Σκύμνος</em></strong></span> <span class='ocrx_word' id='word_1_106' title='bbox 816 2769 859 2851; x_wconf 73' lang='lat' dir='ltr'>aa</span> <span class='ocrx_word' id='word_1_107' title='bbox 882 2757 944 2840; x_wconf 76' lang='grc' dir='ltr'>διά</span> <span class='ocrx_word' id='word_1_108' title='bbox 973 2763 1156 2854; x_wconf 81' lang='grc' dir='ltr'><em>Τανάϊδος</em></span> <span class='ocrx_word' id='word_1_109' title='bbox 1178 2791 1240 2840; x_wconf 83' lang='grc' dir='ltr'>πε-</span> 
     </span>
    </p>
   </div>
   <div class='ocr_carea' id='block_1_4' title="bbox 335 2889 1293 2999">
    <p class='ocr_par' dir='ltr' id='par_1_4' title="bbox 335 2889 1293 2999">
     <span class='ocr_line' id='line_1_19' title="bbox 335 2889 1293 2999; baseline -0.001 -28"><span class='ocrx_word' id='word_1_110' title='bbox 335 2902 531 2972; x_wconf 79' lang='grc' dir='ltr'><em>πλευκέναι</em></span> <span class='ocrx_word' id='word_1_111' title='bbox 556 2899 669 2998; x_wconf 83' lang='grc' dir='ltr'><em>φησὶν</em></span> <span class='ocrx_word' id='word_1_112' title='bbox 686 2889 826 2986; x_wconf 72' lang='grc' dir='ltr'><em>αὐτοὺς</em></span> <span class='ocrx_word' id='word_1_113' title='bbox 850 2899 911 2972; x_wconf 84' lang='grc' dir='ltr'>καὶ</span> <span class='ocrx_word' id='word_1_114' title='bbox 934 2903 985 2987; x_wconf 82' lang='grc' dir='ltr'>εἰς</span> <span class='ocrx_word' id='word_1_115' title='bbox 1002 2893 1070 2999; x_wconf 75' lang='grc' dir='ltr'>τὴν</span> <span class='ocrx_word' id='word_1_116' title='bbox 1084 2891 1243 2998; x_wconf 77' lang='grc' dir='ltr'><em>μεγάλην</em></span> <span class='ocrx_word' id='word_1_117' title='bbox 1288 2907 1293 2927; x_wconf 76' lang='grc'><strong>“</strong></span> 
     </span>
    </p>
   </div>
   <div class='ocr_carea' id='block_1_5' title="bbox 336 3024 1240 3662">
    <p class='ocr_par' dir='ltr' id='par_1_5' title="bbox 336 3024 1240 3662">
     <span class='ocr_line' id='line_1_20' title="bbox 337 3024 1240 3132; baseline 0 -27"><span class='ocrx_word' id='word_1_118' title='bbox 337 3024 537 3105; x_wconf 73' lang='grc' dir='ltr'><em>θάλασσαν</em></span> <span class='ocrx_word' id='word_1_119' title='bbox 575 3026 792 3132; x_wconf 72' lang='grc' dir='ltr'><em>ἀφικέσθαι.</em></span> <span class='ocrx_word' id='word_1_120' title='bbox 835 3025 1106 3120; x_wconf 73' lang='grc' dir='ltr'><em>ἑλκύσαντες</em></span> <span class='ocrx_word' id='word_1_121' title='bbox 1142 3025 1240 3131; x_wconf 77' lang='grc' dir='ltr'><em>γάρ,</em></span> 
     </span>
     <span class='ocr_line' id='line_1_21' title="bbox 338 3155 1240 3264; baseline 0 -28"><span class='ocrx_word' id='word_1_122' title='bbox 338 3164 468 3264; x_wconf 77' lang='grc' dir='ltr'><em>φησίν,</em></span> <span class='ocrx_word' id='word_1_123' title='bbox 495 3155 640 3262; x_wconf 76' lang='grc' dir='ltr'><em>αὐτὴν</em></span> <span class='ocrx_word' id='word_1_124' title='bbox 664 3155 750 3262; x_wconf 73' lang='grc' dir='ltr'>(τὴν</span> <span class='ocrx_word' id='word_1_125' title='bbox 770 3156 899 3264; x_wconf 77' lang='grc' dir='ltr'>Ἀργώ)</span> <span class='ocrx_word' id='word_1_126' title='bbox 925 3169 986 3252; x_wconf 83' lang='grc' dir='ltr'>εἰς</span> <span class='ocrx_word' id='word_1_127' title='bbox 1010 3157 1091 3263; x_wconf 74' lang='grc' dir='ltr'>τὴν</span> <span class='ocrx_word' id='word_1_128' title='bbox 1114 3162 1240 3264; x_wconf 76' lang='grc' dir='ltr'><strong><em>ἤπει-</em></strong></span> 
     </span>
     <span class='ocr_line' id='line_1_22' title="bbox 338 3290 1240 3398; baseline 0.001 -31"><span class='ocrx_word' id='word_1_129' title='bbox 338 3290 1240 3398; x_wconf 75' lang='grc' dir='ltr'><em>ρονκαὶάραντεςέπὶσαυρωτήρωνέκό-</em></span> 
     </span>
     <span class='ocr_line' id='line_1_23' title="bbox 336 3422 1239 3529; baseline -0.004 -28"><span class='ocrx_word' id='word_1_130' title='bbox 336 3452 477 3525; x_wconf 83' lang='grc' dir='ltr'><em>μισαν</em></span> <span class='ocrx_word' id='word_1_131' title='bbox 494 3435 625 3529; x_wconf 78' lang='grc' dir='ltr'><em>μέχρι</em></span> <span class='ocrx_word' id='word_1_132' title='bbox 645 3433 725 3527; x_wconf 74' lang='grc' dir='ltr'>τῆς</span> <span class='ocrx_word' id='word_1_133' title='bbox 739 3424 842 3501; x_wconf 64' lang='grc' dir='ltr'>καθ’</span> <span class='ocrx_word' id='word_1_134' title='bbox 857 3427 976 3527; x_wconf 76' lang='grc' dir='ltr'><strong><em>ἡμᾶς</em></strong></span> <span class='ocrx_word' id='word_1_135' title='bbox 992 3422 1239 3527; x_wconf 75' lang='grc' dir='ltr'><em>θαλάττης.</em></span> 
     </span>
     <span class='ocr_line' id='line_1_24' title="bbox 338 3561 1240 3662; baseline -0.002 -28"><span class='ocrx_word' id='word_1_136' title='bbox 338 3563 420 3661; x_wconf 90' lang='lat' dir='ltr'>quid</span> <span class='ocrx_word' id='word_1_137' title='bbox 443 3563 566 3635; x_wconf 78' lang='lat' dir='ltr'>multa?</span> <span class='ocrx_word' id='word_1_138' title='bbox 593 3575 748 3634; x_wconf 89' lang='lat' dir='ltr'>tenemus</span> <span class='ocrx_word' id='word_1_139' title='bbox 772 3563 937 3658; x_wconf 88' lang='lat' dir='ltr'>ipsissima</span> <span class='ocrx_word' id='word_1_140' title='bbox 962 3561 1102 3662; x_wconf 85' lang='lat' dir='ltr'>Scymni</span> <span class='ocrx_word' id='word_1_141' title='bbox 1126 3562 1240 3649; x_wconf 87' lang='lat' dir='ltr'>verba,</span> 
     </span>
    </p>
   </div>
   <div class='ocr_carea' id='block_1_6' title="bbox 336 3695 1239 3797">
    <p class='ocr_par' dir='ltr' id='par_1_6' title="bbox 336 3695 1239 3797">
     <span class='ocr_line' id='line_1_25' title="bbox 336 3695 1239 3797; baseline -0.002 -29"><span class='ocrx_word' id='word_1_142' title='bbox 336 3723 405 3797; x_wconf 84' lang='lat' dir='ltr'>non</span> <span class='ocrx_word' id='word_1_143' title='bbox 438 3720 518 3767; x_wconf 85' lang='lat' dir='ltr'>sane</span> <span class='ocrx_word' id='word_1_144' title='bbox 549 3721 569 3767; x_wconf 83' lang='lat' dir='ltr'>e</span> <span class='ocrx_word' id='word_1_145' title='bbox 602 3696 749 3766; x_wconf 81' lang='lat' dir='ltr'>carmine</span> <span class='ocrx_word' id='word_1_146' title='bbox 787 3695 902 3784; x_wconf 84' lang='lat' dir='ltr'>ducta,</span> <span class='ocrx_word' id='word_1_147' title='bbox 939 3695 1001 3770; x_wconf 90' lang='lat' dir='ltr'>sed</span> <span class='ocrx_word' id='word_1_148' title='bbox 1031 3721 1052 3768; x_wconf 88' lang='lat' dir='ltr'>e</span> <span class='ocrx_word' id='word_1_149' title='bbox 1084 3697 1239 3793; x_wconf 87' lang='lat' dir='ltr'>prosaico</span> 
     </span>
    </p>
   </div>
   <div class='ocr_carea' id='block_1_7' title="bbox 1400 3201 1402 3328">
    <p class='ocr_par' dir='ltr' id='par_1_7' title="bbox 1400 3201 1402 3328">
     <span class='ocr_line' id='line_1_26' title="bbox 1400 3201 1402 3328; baseline 0 0"><span class='ocrx_word' id='word_1_150' title='bbox 1400 3201 1402 3328; x_wconf 89' lang='grc' dir='ltr'>Ι</span> 
     </span>
    </p>
   </div>
   <div class='ocr_carea' id='block_1_8' title="bbox 0 0 1538 4575">
    <p class='ocr_par' dir='ltr' id='par_1_8' title="bbox 0 0 1538 4575">
     <span class='ocr_line' id='line_1_27' title="bbox 0 0 1538 4575; baseline 0 0"><span class='ocrx_word' id='word_1_151' title='bbox 0 0 1538 4575; x_wconf 95' lang='lat' dir='ltr'> </span> 
     </span>
    </p>
   </div>
  </div>
 </body>
</html>
