3067 4575
762 540 819 583 XVI

717 610 868 620 ..ο-...ψ

339 756 402 805 nus
425 756 507 805 suae
531 733 716 811 sententiae
735 741 966 830 argumentum
992 728 1117 802 ducere
1135 727 1242 803 debe·

338 864 397 939 hst
419 862 577 952 Vossius,
608 889 710 964 quum
740 863 821 937 iliud
852 864 966 962 potius
993 864 1112 935 iustam
1137 861 1241 935 admi·-

337 999 473 1071 rationis
497 1022 630 1071 eausam
655 996 843 1071 habiturum
865 1007 968 1081 esset,
992 996 1020 1067 si
1046 994 1090 1067 de
1109 994 1243 1068 duobus

337 1130 557 1228 scriptoribus
581 1132 615 1201 in
639 1129 789 1203 eiusdem
815 1129 1001 1227 argumenti
1019 1127 1242 1227 explicatione

337 1263 510 1361 occupatis
541 1261 734 1335 alterutrum
765 1262 897 1334 iliorum
930 1260 1081 1333 locorum
1113 1284 1240 1333 menso·-

335 1396 416 1467 rism
443 1396 597 1467 omisisse
622 1394 842 1465 demonstrari
867 1406 995 1492 posset

407 1522 530 1597 Adhuc
560 1525 641 1597 nihil
665 1525 797 1597 allatum
822 1524 905 1611 vidi,
938 1524 1032 1623 quod
1061 1527 1132 1598 sive
1157 1523 1240 1599 Hol-

335 1659 433 1729 stenii
465 1659 537 1729 sive
561 1653 675 1727 Vossii
705 1658 904 1729 sententiam
937 1656 1125 1742 confirmet3
1164 1670 1241 1731 sunt

334 1813 417 1861 vero
443 1814 530 1887 quae
555 1814 629 1861 eam
653 1800 770 1885 aperte
789 1786 961 1859 confutare
980 1787 1163 1860 videantur.
1189 1792 1239 1860 ni-

334 1922 453 1993 mirum
479 1919 670 2019 Stephanus
702 1919 746 1993 de
771 1917 1014 2005 Hermonassa,
1044 1916 1240 2017 Bosporano

334 2055 484 2140 civitate,
509 2052 594 2125 haec
618 2052 735 2126 habet:
764 2043 1014 2151 Ἑρμώνασσα,
1042 2054 1156 2149 νῆσος
1179 2078 1239 2146 ps-

334 2176 416 2282 πρά,
435 2176 542 2257 πόλιν
557 2186 694 2278 ἔχουσα
711 2188 751 2257 ἐν
767 2188 818 2279 τῷ
834 2183 1023 2282 Κιμμερίῳ
1041 2176 1237 2283 Βοσπόρῳ,

330 2308 458 2390 Ἰώνων
487 2314 659 2404 ἄποικον,
692 2316 742 2404 ὡς
773 2316 792 2388 ὁ
822 2308 1046 2416 περιηγήτης
1077 2315 1237 2420 (Dionys.

333 2447 408 2522 Per.
440 2452 545 2544 552).
586 2443 728 2548 ταύτην
757 2449 777 2520 ὁ
810 2442 987 2545 Σκύμνος
1017 2451 1078 2522 καὶ
1103 2443 1237 2551 Ἑρμώ-

332 2606 435 2654 νοιαν
463 2583 572 2663 καλεῖ.
603 2597 743 2656 atvero
775 2577 814 2654 in¹
839 2594 953 2654 nostra
980 2579 1154 2681 Periegesi
1186 2613 1235 2656 vs.

331 2714 404 2786 841
423 2739 472 2812 sq.
497 2718 619 2788 usitato
635 2718 770 2788 nomine
790 2715 974 2814 appellatur
987 2707 1235 2815 Ἑρμώνασσα,

333 2873 420 2945 qsrae
445 2873 500 2920 res
517 2844 726 2922 Boeohhium
745 2847 845 2947 Corp.
866 2845 968 2921 Inscr.
985 2845 1014 2920 ll
1038 2877 1071 2946 p.
1089 2851 1138 2923 98
1162 2876 1235 2921 mo-

332 2982 389 3065 vit,
413 2992 451 3051 ut
474 2981 610 3054 aiteram
635 2979 787 3069 sormam,
811 2984 950 3054 sirecte
976 2984 1049 3054 eius
1065 2984 1170 3054 verba
1185 2985 1236 3054 in-

331 3124 509 3210 terpretor,
533 3141 576 3186 ex
600 3113 778 3213 deperdito
805 3114 1108 3215 quodam'Scymni
1131 3140 1236 3213 opero

261 3345 266 3352 .
333 3244 514 3318 derivatam
539 3260 703 3333 censeret,
727 3246 925 3344 prudentius
950 3273 1030 3321 sane
1056 3275 1155 3347 quam
1170 3245 1236 3322 Fa-

331 3377 474 3464 bricius,
510 3379 567 3476 qui
597 3379 707 3474 ipsum
738 3376 820 3448 illud
846 3374 1043 3477 Ἑρμώνοια
1074 3379 1235 3479 Stephani

332 3508 434 3582 ductu
459 3523 495 3582 et
518 3509 641 3582 indicio
666 3507 863 3605 Periegetae
888 3527 1005 3587 nostro
1022 3516 1167 3589 obtrusit
1184 3515 1233 3586 in-

233 3675 241 3690 s
331 3643 410 3714 vito.
446 3668 559 3742 neque
590 3641 772 3720 omittenda
804 3667 889 3741 quae
920 3644 1010 3720 idern
1042 3645 1235 3746 Stephanus
