3067 4575
634 560 781 661 ji-

262 790 380 859 genere
395 780 444 836 est
456 772 534 859 αρίν
548 794 618 837 cum
633 774 776 860 genitivo
795 772 997 839 coniunctum
1019 794 1065 837 vs.
1083 775 1155 850 716,

262 914 326 978 quo
349 894 531 980 frequenter
551 918 626 960 usus
650 905 699 959 est
721 894 834 959 Sextus
855 895 1038 981 Empirieus,
1061 896 1156 981 δεῦρο

260 1037 322 1101 pro
344 1018 496 1083 ἐνταῦθα
517 1038 564 1081 νε.
579 1019 653 1095 399,
678 1018 815 1082 κεῖσθαι
837 1015 877 1080 de
899 1016 998 1083 fluvio
1020 1041 1066 1082 νε.
1082 1020 1158 1095 672,

261 1140 427 1228 φέρεσθαι
447 1143 621 1204 memorari
641 1161 687 1203 νε.
703 1141 760 1216 89,
789 1134 959 1222 ἐπώνυμος
981 1137 1048 1205 ἀπό
1070 1162 1158 1215 τινος

262 1285 307 1325 νε.
323 1264 387 1328 517
412 1273 445 1326 et
467 1264 539 1341 704,
561 1256 709 1337 ὁἸόνιος
732 1261 772 1325 de
791 1263 869 1325 mari
884 1262 977 1327 Ionio
1000 1284 1045 1325 vs.
1065 1262 1136 1325 133.

604 1473 661 1537 Vs.
685 1473 749 1537 481
773 1494 818 1558 sq.

310 1622 376 1704 otc
394 1624 528 1708 Ὀζόλας
549 1625 695 1706 καλοῦσ’,
718 1625 876 1705 ἀποίκους
897 1632 1090 1713 γενομένους

306 1745 374 1814 ἀπὸ
395 1751 461 1816 τῶν
474 1745 558 1836 πρὸς
572 1745 720 1835 Εὔβοιαν
735 1754 879 1839 Λοκρῶν
894 1755 1144 1838 ἐστραμμένους.

262 1874 383 1939 Horum
404 1874 575 1940 verborum
602 1876 629 1939 si
655 1878 683 1939 is
706 1896 818 1940 sensus
841 1885 903 1953 est,
930 1896 1022 1962 quem
1045 1872 1160 1937 volunt

261 1997 465 2083 interpretes,
494 2007 530 2062 ut
559 1996 685 2063 Ozolae
710 1999 807 2063 Locri
835 1998 927 2063 sedes
957 2019 1029 2062 suas
1057 2014 1159 2081 prope

263 2118 419 2183 Aetoliam
440 2119 547 2185 fixisse
569 2120 727 2199 dicantur,
752 2131 920 2208 postquam
943 2120 983 2184 ab
1008 2118 1159 2204 Opuntiis

262 2241 372 2306 Locris
402 2242 485 2330 pulsi
519 2243 650 2324 fuerint,
685 2246 864 2309 necessario
893 2238 956 2312 ὑπὸ
985 2244 1050 2307 τῶν
1078 2235 1160 2325 πρὸς

262 2359 412 2448 Εὔβοιαν
439 2369 582 2449 Λοκρῶν
616 2367 817 2432 scribendum
849 2379 905 2432 est.
962 2365 1027 2432 Sed
1048 2363 1159 2452 ¹credo

262 2485 435 2571 Scymnum
458 2492 631 2574 scripsisse:

306 2603 374 2672 ἀπὸ
395 2610 462 2673 τῶν
482 2605 565 2690 πρὸς
579 2606 728 2695 Εὔβοιαν
741 2613 885 2699 Λοκρῶν
907 2613 1145 2696 ἐστραμμένων,

262 2743 298 2796 ut
318 2734 451 2816 Λοκροὶ
477 2728 560 2819 πρὸς
585 2729 734 2818 Εὔβοιαν
762 2737 980 2819 ἐστραμμένον
1008 2734 1070 2796 sint
1098 2731 1160 2793 Lo-

263 2860 308 2919 cri
331 2858 364 2918 in
388 2853 552 2952 Euboesm
575 2866 754 2945 spectastes
777 2860 796 2920 i.
821 2879 847 2921 e.
871 2857 1016 2942 Opuntii.

574 3066 631 3128 Vs.
654 3067 718 3130 516
736 3104 776 3116 —
793 3067 845 3130 22.

312 3224 363 3286 Τὰ
384 3225 444 3306 μέν
466 3212 524 3287 οὖν
545 3217 663 3308 βόρεια
684 3222 743 3302 τῆς
764 3215 1026 3299 Πελοποννήσου
1047 3223 1129 3305 μέρη

307 3341 486 3410 Σικυώνιοι
507 3348 698 3430 κατέχουσιν
721 3347 757 3410 οἴ
777 3366 810 3408 τε
832 3345 910 3428 πρίν
931 3365 1010 3408 ποτε

307 3463 485 3553 Κόρινθον
507 3470 688 3544 οἰκίσαντες
709 3469 855 3558 ἐπιφανῆ
877 3461 983 3543 πόλιν,

308 3586 380 3654 ἀλλ’
401 3593 436 3654 οἳ
455 3587 484 3683 ν’
501 3589 625 3674 Ἀχαιοὶ
646 3584 722 3666 τοὺς
742 3585 826 3675 πρὸς
840 3593 982 3674 ἑσπέραν
1003 3585 1042 3652 θ’
1064 3581 1160 3674 ὅρους

306 3713 362 3776 καὶ
383 3711 523 3802 ζέφυρον
540 3709 670 3777 Ἠλεῖοί
690 3735 725 3777 τε
747 3713 803 3777 καὶ
828 3705 1022 3790 Μεσσήνιοι,
