3067 4575
716 550 867 651 ..ἑᾷ-2-
899 577 903 584 -
1022 577 1025 591 .

341 766 533 843 Κορκυραῖος
552 762 711 843 penultima
729 762 814 823 brevi
832 762 881 823 57.

342 868 421 929 Cous
442 876 469 927 et
488 865 618 927 Cretines
637 864 765 947 Sinopae
785 864 952 926 conditores
972 862 1020 923 61.

341 966 565 1049 quu‘rqs'viri
584 989 693 1029 nomen
713 971 751 1029 61
774 988 817 1046 sq.

341 1070 489 1151 Κρητίναι
508 1072 701 1153 Ephesiacum
721 1071 863 1151 oppidum
881 1071 930 1130 67.

342 1176 427 1237 crisa
447 1186 476 1237 et
495 1176 598 1237 Cirrha
618 1176 748 1235 diversae
768 1175 855 1235 urbes
876 1174 924 1235 76.

341 1279 448 1341 Deileo
470 1286 499 1358 ct
517 1278 663 1339 Demoleo
684 1276 751 1337 131.

345 1378 518 1461 διάμετρον,
539 1377 589 1453 τό,
614 1380 680 1439 142.

342 1483 482 1566 Dionysii
502 1484 656 1565 descriptio
677 1482 818 1543 Graeciae
840 1481 889 1542 66.

342 1576 403 1665 ἧκα
421 1587 582 1671 perfectum
603 1587 631 1647 6.

342 1690 473 1751 Echinus
493 1689 657 1751 Thessalica
677 1688 713 1749 ab
733 1686 865 1748 Echione
884 1686 1026 1747 Thebano
1047 1684 1163 1745 condita
1183 1682 1232 1743 36.

342 1791 463 1853 Elesion
483 1802 511 1853 et
530 1790 654 1852 Eresicn
675 1790 795 1850 eaedem
814 1787 969 1850 1111111172.

343 1892 496 1954 Emathios
516 1894 565 1956 38.

343 1995 545 2077 Emperesium
564 2017 636 2057 num
655 1995 736 2057 urhis
756 2015 865 2056 nomen
886 1996 933 2056 72.
1079 2046 1088 2067 ,

343 2097 497 2180 Ephorum
515 2101 646 2179 sequitur
665 2098 812 2179 scymnus
836 2098 883 2157 12.
905 2097 956 2158 13.
972 2098 1021 2157 61.
1042 2097 1089 2155 61.

345 2202 523 2284 epigramma
543 2202 620 2283 apud
640 2200 818 2283 Procopium
838 2200 951 2261 emend.
971 2201 1019 2261 71.

345 2301 499 2384 ἐπώνυμος
520 2300 581 2366 ἀπό
601 2325 681 2374 τινος
699 2304 780 2381 3*).

345 2406 476 2477 ἐθνικῶς
493 2411 650 2469 secundum
664 2409 791 2490 populos
813 2405 864 2468 36.

286 2512 288 2517 ’
345 2509 456 2584 ἐξεῖναι
477 2511 513 2574 de
532 2513 623 2573 ssuvio
644 2515 692 2572 45.

345 2613 513 2677 Herodotus
533 2617 581 2678 47.

345 2717 510 2798 Hesychius
531 2721 580 2780 19.

345 2820 459 2902 Hylaea
477 2824 559 2904 regio
580 2823 629 2882 49.

345 2925 495 3006 inscriptio
516 2922 688 3004 Aeginetica
707 2920 820 2982 emend.
839 2920 890 2980 69.

344 3025 417 3088 Ister
435 3026 514 3106 apud
534 3025 642 3088 Sindos
661 3026 692 3084 in
712 3023 771 3084 duo
791 3021 912 3084 flumina
931 3023 1073 3085 scinditur
1092 3026 1140 3086 45.

344 3128 410 3188 Istri
428 3127 549 3188 Venetis
569 3127 743 3188 contermini
763 3126 810 3187 16.

345 3227 485 3310 Λάτιμος
503 3231 560 3291 riri
579 3251 687 3292 nomen
708 3233 756 3292 69.

345 3329 535 3414 Λυγκησταί,
559 3353 620 3394 non
639 3331 811 3413 Λυγκισταί
827 3333 875 3393 36.

345 3437 473 3498 Macares
491 3458 564 3497 num
582 3437 685 3518 populi
705 3457 815 3499 nomen
833 3437 882 3496 69.

398 3602 431 3674 *)
454 3603 535 3682 Apud
552 3604 715 3680 Dionysium
730 3601 791 3660 Hal.
804 3603 868 3660 Ant.
886 3601 966 3659 Rom.
982 3600 1004 3670 1,
1024 3605 1055 3658 71
1076 3601 1165 3660 oVat.
1184 3605 1249 3660 scri·

345 3689 461 3746 bendum
483 3690 535 3765 ἀφ’
549 3686 581 3748 oi·
603 3697 654 3749 τῶν
672 3695 740 3748 ἑπτὰ
758 3693 845 3763 λόφων
863 3714 902 3754 τις
923 3693 1056 3764 ἐπώνυμος
1074 3697 1181 3761 ἐγένετο.
1205 3688 1250 3746 ab·

346 3787 389 3834 est
405 3777 485 3852 vulgo
504 3775 565 3851 ἀφ’.
672 3837 673 3841 Ἰ
