3067 4575
818 524 841 594 8

269 815 273 823 ,
380 743 508 831 quidem
528 750 638 829 potest
658 736 785 825 syllaba
800 750 875 803 ante
889 737 934 822 βλ
956 746 989 801 et
1004 736 1054 820 γλ,
1075 731 1133 801 sed
1149 755 1188 799 ea
1201 732 1284 823 lege,

379 889 423 932 ne
451 887 533 953 quae
560 865 704 950 sequitur
725 859 853 948 syllaba
874 861 979 926 brevis
1001 861 1050 923 sit.
1102 859 1213 944 ltaque
1238 860 1284 921 ni·

382 988 428 1053 hil
450 978 640 1053 offensionis
662 982 760 1049 babet
782 982 871 1071 quod
891 1005 938 1049 vs.
957 983 1022 1047 265
1044 978 1161 1069 legitur
1181 973 1224 1059 ἢν
1245 972 1284 1044 τὰ

381 1105 542 1199 πρότερον
563 1112 623 1193 μὲν
644 1102 871 1196 ἑτερόγλωσσα
892 1100 1060 1192 βάρβαρα,
1081 1103 1135 1169 vel
1155 1124 1203 1167 νε.
1219 1103 1284 1167 277

381 1231 524 1311 κτίζουσι
546 1226 663 1311 Νάξον
685 1233 717 1295 οἱ
734 1232 901 1317 Μεγαρεῖς
923 1219 1034 1307 δὲτὴν
1049 1203 1185 1309 Ὕβλαν.
1223 1226 1286 1291 Eo-

382 1354 455 1420 dem
484 1359 625 1440 pertinet
652 1354 716 1417 hoe
744 1352 874 1441 Sopatri
902 1350 986 1438 apud
1017 1350 1215 1415 Athenaeum
1238 1348 1287 1414 lv

382 1502 414 1565 p.
436 1480 500 1544 175
524 1500 551 1542 ο.
579 1478 639 1542 τοῦ
660 1474 831 1541 Σιδωνίου
852 1469 978 1558 νάβλα,
1007 1476 1110 1539 inuria
1134 1481 1287 1537 tentatum

383 1622 404 1665 a
426 1603 551 1677 criticis,
574 1608 607 1663 et
620 1596 792 1663 Menandri
813 1597 853 1661 fr.
869 1599 930 1661 ine.
946 1598 1011 1661 474
1032 1592 1055 1677 ἢ
1075 1589 1184 1661 πολλὰ
1201 1589 1288 1685 φαύ-

383 1723 449 1798 λως
476 1720 744 1805 περιβεβλῆσθαι
770 1716 966 1806 πράγματα,
999 1723 1137 1806 itemque
1166 1716 1225 1781 alia
1254 1720 1288 1781 in

385 1845 506 1908 Hister.
530 1841 623 1909 Com.
647 1840 761 1907 Graec„
784 1866 816 1929 p.
835 1843 900 1907 295
923 1845 1078 1929 apposita.
1130 1840 1289 1927 Sequente

374 1988 482 2032 .versu
513 1966 733 2048 Καλλατιανῷ
760 1964 963 2031 scribendum
991 1987 1051 2053 pro
1074 1963 1289 2052 ,Καλατιοινβ

388 2100 421 2154 et
448 2111 496 2154 vs.
519 2090 584 2154 118
612 2090 669 2154 καὶ
689 2088 737 2172 τῷ
763 2086 896 2173 Σικελῷ
918 2089 1061 2167 Κλέωνι,
1089 2110 1157 2155 non
1186 2098 1290 2153 eutem
1389 2088 1390 2097 ’

387 2212 445 2276 καὶ
465 2210 638 2295 Σικελικῷ.
684 2208 800 2277 Codex
821 2212 945 2296 καὶτῷ
966 2210 1158 2297 Σικελικαὶ,

731 2424 788 2487 Vs.
814 2425 877 2488 129
900 2445 946 2511 sq.

431 2575 490 2656 Ὡς
510 2573 553 2644 ἂν
574 2574 703 2659 θεατὴς
725 2578 764 2646 οὐ
786 2575 891 2665 μόνον
913 2583 972 2660 τῆς
989 2574 1147 2660 Ἑλλάδος

436 2694 460 2780 ἢ
480 2694 568 2766 κατὰ
587 2699 749 2768 Σικελίαν
771 2706 924 2788 κειμένων
945 2699 1165 2788 πολισμάτων.

391 2821 505 2888 Altero
526 2845 622 2888 versu
643 2826 678 2889 in
700 2824 812 2890 codice
834 2825 970 2890 habetur
991 2819 1013 2904 ἢ
1034 2826 1099 2889 τῶν
1119 2821 1205 2889 κατὰ
1226 2823 1293 2888 Σι·

391 2945 511 3024 κελίαν,
534 2968 597 3034 quo
621 2970 716 3034 quum
738 2970 889 3014 numeros
912 2951 1072 3034 eorrumpi
1088 2946 1220 3012 vidisset
1234 2950 1294 3012 Le-

291 3149 295 3157 .
391 3079 540 3148 nonnus,
573 3069 767 3136 Boissonadi
804 3075 1017 3137 coniecturam
1046 3068 1211 3134 articulum
1240 3069 1295 3134 de-

336 3177 339 3185 ’
391 3187 487 3255 lentis
514 3193 726 3278 recipiendam
755 3193 857 3272 duxit,
885 3215 953 3258 non
980 3192 1093 3257 videns
1124 3215 1161 3256 ea
1189 3213 1295 3258 eorre-

392 3315 501 3378 ctione
520 3317 629 3379 vitium
646 3319 784 3380 orationi
799 3317 910 3381 inierri
925 3318 1182 3403 grammaticum..
1206 3315 1295 3400 Quid

392 3439 553 3523 scripserit
580 3437 738 3524 Seymnus
766 3458 835 3502 nun
864 3435 993 3502 dubium
1023 3449 1073 3502 est
1105 3441 1181 3524 quin
1209 3437 1295 3503 ultro

392 3561 454 3622 viri
482 3559 571 3624 docti
598 3559 841 3638 intellexissent,
870 3563 931 3625 nisi
962 3573 994 3626 et
1017 3560 1241 3648 praecedentia
1264 3572 1297 3626 et

394 3703 476 3767 quae
496 3682 642 3748 versibus
670 3705 765 3770 supra
795 3686 909 3770 positis
936 3684 1117 3748 inferuntur
1141 3682 1298 3771 neglexis-
