<?xml version="1.0" encoding="UTF-8"?>
<!DOCTYPE html PUBLIC "-//W3C//DTD XHTML 1.0 Transitional//EN"
    "http://www.w3.org/TR/xhtml1/DTD/xhtml1-transitional.dtd">
<html xmlns="http://www.w3.org/1999/xhtml" xml:lang="en" lang="en">
 <head>
  <title>
</title>
<meta http-equiv="Content-Type" content="text/html;charset=utf-8" />
  <meta name='ocr-system' content='tesseract 3.04.00' />
  <meta name='ocr-capabilities' content='ocr_page ocr_carea ocr_par ocr_line ocrx_word'/>
</head>
<body>
  <div class='ocr_page' id='page_1' title='image "./scymnichiiperie00callgoog_0016.png"; bbox 0 0 3067 4575; ppageno 0'>
   <div class='ocr_carea' id='block_1_1' title="bbox 788 612 847 654">
    <p class='ocr_par' dir='ltr' id='par_1_1' title="bbox 788 612 847 654">
     <span class='ocr_line' id='line_1_1' title="bbox 788 612 847 654; baseline 0 -1"><span class='ocrx_word' id='word_1_1' title='bbox 788 612 847 654; x_wconf 80' lang='lat' dir='ltr'>vlu</span> 
     </span>
    </p>
   </div>
   <div class='ocr_carea' id='block_1_2' title="bbox 741 679 894 688">
    <p class='ocr_par' dir='ltr' id='par_1_2' title="bbox 741 679 894 688">
     <span class='ocr_line' id='line_1_2' title="bbox 741 679 894 688; baseline -0.007 0"><span class='ocrx_word' id='word_1_2' title='bbox 741 679 894 688; x_wconf 82' lang='lat'>——-.--</span> 
     </span>
    </p>
   </div>
   <div class='ocr_carea' id='block_1_3' title="bbox 365 796 1270 1166">
    <p class='ocr_par' dir='ltr' id='par_1_3' title="bbox 365 796 1270 1166">
     <span class='ocr_line' id='line_1_3' title="bbox 365 796 1268 899; baseline -0.004 -24"><span class='ocrx_word' id='word_1_3' title='bbox 365 804 549 888; x_wconf 79' lang='lat' dir='ltr'><strong>intexeret,</strong></span> <span class='ocrx_word' id='word_1_4' title='bbox 580 812 718 873; x_wconf 88' lang='lat' dir='ltr'>auctore</span> <span class='ocrx_word' id='word_1_5' title='bbox 750 796 864 898; x_wconf 87' lang='lat' dir='ltr'>operis</span> <span class='ocrx_word' id='word_1_6' title='bbox 894 824 1057 899; x_wconf 82' lang='lat' dir='ltr'>nusquam</span> <span class='ocrx_word' id='word_1_7' title='bbox 1087 824 1131 871; x_wconf 89' lang='lat' dir='ltr'>ne</span> <span class='ocrx_word' id='word_1_8' title='bbox 1162 799 1268 871; x_wconf 83' lang='lat' dir='ltr'>verbo</span> 
     </span>
     <span class='ocr_line' id='line_1_4' title="bbox 365 928 1270 1035; baseline -0.003 -29"><span class='ocrx_word' id='word_1_9' title='bbox 365 934 504 1035; x_wconf 86' lang='lat' dir='ltr'>quidem</span> <span class='ocrx_word' id='word_1_10' title='bbox 528 945 723 1006; x_wconf 88' lang='lat' dir='ltr'>memorato.</span> <span class='ocrx_word' id='word_1_11' title='bbox 754 959 820 1005; x_wconf 90' lang='lat' dir='ltr'>nec</span> <span class='ocrx_word' id='word_1_12' title='bbox 851 936 957 1030; x_wconf 86' lang='lat' dir='ltr'>magis</span> <span class='ocrx_word' id='word_1_13' title='bbox 983 932 1174 1031; x_wconf 80' lang='lat' dir='ltr'><strong>Stephanus</strong></span> <span class='ocrx_word' id='word_1_14' title='bbox 1198 928 1270 1031; x_wconf 82' lang='lat' dir='ltr'>By-</span> 
     </span>
     <span class='ocr_line' id='line_1_5' title="bbox 366 1057 1269 1166; baseline -0.007 -25"><span class='ocrx_word' id='word_1_15' title='bbox 366 1070 509 1155; x_wconf 80' lang='lat' dir='ltr'>zantius,</span> <span class='ocrx_word' id='word_1_16' title='bbox 540 1068 598 1166; x_wconf 90' lang='lat' dir='ltr'>qui</span> <span class='ocrx_word' id='word_1_17' title='bbox 623 1092 649 1137; x_wconf 90' lang='lat' dir='ltr'>s.</span> <span class='ocrx_word' id='word_1_18' title='bbox 674 1092 705 1137; x_wconf 89' lang='lat' dir='ltr'>v.</span> <span class='ocrx_word' id='word_1_19' title='bbox 732 1057 921 1139; x_wconf 79' lang='grc' dir='ltr'><strong><em>Διονύσου</em></strong></span> <span class='ocrx_word' id='word_1_20' title='bbox 947 1057 1053 1152; x_wconf 82' lang='grc' dir='ltr'><strong><em>πόλις</em></strong></span> <span class='ocrx_word' id='word_1_21' title='bbox 1084 1065 1170 1137; x_wconf 89' lang='lat' dir='ltr'>duos</span> <span class='ocrx_word' id='word_1_22' title='bbox 1197 1090 1269 1136; x_wconf 90' lang='lat' dir='ltr'>car·</span> 
     </span>
    </p>
   </div>
   <div class='ocr_carea' id='block_1_4' title="bbox 364 1196 1400 1297">
    <p class='ocr_par' dir='ltr' id='par_1_4' title="bbox 364 1196 1400 1297">
     <span class='ocr_line' id='line_1_6' title="bbox 364 1196 1400 1297; baseline -0.009 -24"><span class='ocrx_word' id='word_1_23' title='bbox 364 1202 463 1273; x_wconf 91' lang='lat' dir='ltr'>minis</span> <span class='ocrx_word' id='word_1_24' title='bbox 484 1201 591 1271; x_wconf 78' lang='lat' dir='ltr'><strong>nostri</strong></span> <span class='ocrx_word' id='word_1_25' title='bbox 607 1224 726 1270; x_wconf 83' lang='lat' dir='ltr'>versus</span> <span class='ocrx_word' id='word_1_26' title='bbox 749 1198 840 1292; x_wconf 83' lang='lat'><strong>(753</strong></span> <span class='ocrx_word' id='word_1_27' title='bbox 856 1198 925 1297; x_wconf 90' lang='lat' dir='ltr'>sq.)</span> <span class='ocrx_word' id='word_1_28' title='bbox 947 1198 1100 1287; x_wconf 86' lang='lat' dir='ltr'>laudavit,</span> <span class='ocrx_word' id='word_1_29' title='bbox 1124 1196 1180 1270; x_wconf 90' lang='lat' dir='ltr'>vel</span> <span class='ocrx_word' id='word_1_30' title='bbox 1196 1200 1269 1295; x_wconf 87' lang='lat' dir='ltr'>ipse</span> <span class='ocrx_word' id='word_1_31' title='bbox 1399 1230 1400 1297; x_wconf 63' lang='lat' dir='ltr'>j</span> 
     </span>
    </p>
   </div>
   <div class='ocr_carea' id='block_1_5' title="bbox 361 1329 1269 1429">
    <p class='ocr_par' dir='ltr' id='par_1_5' title="bbox 361 1329 1269 1429">
     <span class='ocr_line' id='line_1_7' title="bbox 361 1329 1269 1429; baseline -0.008 -21"><span class='ocrx_word' id='word_1_32' title='bbox 361 1334 477 1407; x_wconf 80' lang='lat' dir='ltr'>&#39;codex</span> <span class='ocrx_word' id='word_1_33' title='bbox 494 1330 663 1404; x_wconf 78' lang='lat' dir='ltr'>Parisinus</span> <span class='ocrx_word' id='word_1_34' title='bbox 689 1329 869 1429; x_wconf 79' lang='lat' dir='ltr'>quidquam</span> <span class='ocrx_word' id='word_1_35' title='bbox 895 1330 939 1403; x_wconf 92' lang='lat' dir='ltr'>de</span> <span class='ocrx_word' id='word_1_36' title='bbox 965 1332 1110 1404; x_wconf 88' lang='lat' dir='ltr'>auctoris</span> <span class='ocrx_word' id='word_1_37' title='bbox 1134 1332 1269 1402; x_wconf 89' lang='lat' dir='ltr'>nomine</span> 
     </span>
    </p>
   </div>
   <div class='ocr_carea' id='block_1_6' title="bbox 364 1462 1400 1565">
    <p class='ocr_par' dir='ltr' id='par_1_6' title="bbox 364 1462 1400 1565">
     <span class='ocr_line' id='line_1_8' title="bbox 364 1462 1400 1565; baseline -0.005 -27"><span class='ocrx_word' id='word_1_38' title='bbox 364 1464 528 1565; x_wconf 78' lang='lat' dir='ltr'>prodidit,</span> <span class='ocrx_word' id='word_1_39' title='bbox 560 1477 599 1535; x_wconf 90' lang='lat' dir='ltr'>ut</span> <span class='ocrx_word' id='word_1_40' title='bbox 630 1465 687 1561; x_wconf 87' lang='lat' dir='ltr'>qui</span> <span class='ocrx_word' id='word_1_41' title='bbox 717 1464 751 1533; x_wconf 94' lang='lat' dir='ltr'>in</span> <span class='ocrx_word' id='word_1_42' title='bbox 776 1464 871 1535; x_wconf 90' lang='lat' dir='ltr'>titulo</span> <span class='ocrx_word' id='word_1_43' title='bbox 902 1462 978 1536; x_wconf 92' lang='lat' dir='ltr'>libri</span> <span class='ocrx_word' id='word_1_44' title='bbox 1001 1464 1081 1535; x_wconf 91' lang='lat' dir='ltr'>nihil</span> <span class='ocrx_word' id='word_1_45' title='bbox 1109 1463 1270 1561; x_wconf 86' lang='lat' dir='ltr'>scriptum</span> <span class='ocrx_word' id='word_1_46' title='bbox 1399 1494 1400 1525; x_wconf 63' lang='grc' dir='ltr'>ι</span> 
     </span>
    </p>
   </div>
   <div class='ocr_carea' id='block_1_7' title="bbox 366 1590 1270 1695">
    <p class='ocr_par' dir='ltr' id='par_1_7' title="bbox 366 1590 1270 1695">
     <span class='ocr_line' id='line_1_9' title="bbox 366 1590 1270 1695; baseline -0.002 -25"><span class='ocrx_word' id='word_1_47' title='bbox 366 1600 489 1670; x_wconf 89' lang='lat' dir='ltr'>habeat</span> <span class='ocrx_word' id='word_1_48' title='bbox 518 1596 582 1666; x_wconf 92' lang='lat' dir='ltr'>nisi</span> <span class='ocrx_word' id='word_1_49' title='bbox 605 1595 711 1667; x_wconf 88' lang='lat' dir='ltr'>verba</span> <span class='ocrx_word' id='word_1_50' title='bbox 738 1590 901 1687; x_wconf 77' lang='grc' dir='ltr'><strong><em>εὐτυχῶς</em></strong></span> <span class='ocrx_word' id='word_1_51' title='bbox 925 1600 1151 1695; x_wconf 75' lang='grc' dir='ltr'><strong><em>Μαρκιανῴ,</em></strong></span> <span class='ocrx_word' id='word_1_52' title='bbox 1184 1622 1270 1695; x_wconf 88' lang='lat' dir='ltr'>quae</span> 
     </span>
    </p>
   </div>
   <div class='ocr_carea' id='block_1_8' title="bbox 368 1724 1400 1829">
    <p class='ocr_par' dir='ltr' id='par_1_8' title="bbox 368 1724 1400 1829">
     <span class='ocr_line' id='line_1_10' title="bbox 368 1724 1400 1829; baseline -0.009 -27"><span class='ocrx_word' id='word_1_53' title='bbox 368 1730 518 1829; x_wconf 85' lang='lat' dir='ltr'>quamvis</span> <span class='ocrx_word' id='word_1_54' title='bbox 548 1726 591 1798; x_wconf 89' lang='lat' dir='ltr'>ad</span> <span class='ocrx_word' id='word_1_55' title='bbox 620 1728 818 1824; x_wconf 78' lang='lat' dir='ltr'>scriptorem</span> <span class='ocrx_word' id='word_1_56' title='bbox 844 1724 1067 1823; x_wconf 87' lang='lat' dir='ltr'>Periegcseos</span> <span class='ocrx_word' id='word_1_57' title='bbox 1090 1728 1172 1799; x_wconf 92' lang='lat' dir='ltr'>nihil</span> <span class='ocrx_word' id='word_1_58' title='bbox 1196 1730 1270 1799; x_wconf 87' lang='lat' dir='ltr'>atti·</span> <span class='ocrx_word' id='word_1_59' title='bbox 1399 1726 1400 1793; x_wconf 72' lang='lat'><em>3</em></span> 
     </span>
    </p>
   </div>
   <div class='ocr_carea' id='block_1_9' title="bbox 366 1856 1271 2613">
    <p class='ocr_par' dir='ltr' id='par_1_9' title="bbox 366 1856 1271 2613">
     <span class='ocr_line' id='line_1_11' title="bbox 366 1856 1271 1957; baseline -0.003 -24"><span class='ocrx_word' id='word_1_60' title='bbox 366 1873 483 1948; x_wconf 83' lang='lat' dir='ltr'>noant,</span> <span class='ocrx_word' id='word_1_61' title='bbox 512 1873 624 1933; x_wconf 88' lang='lat' dir='ltr'>tamen</span> <span class='ocrx_word' id='word_1_62' title='bbox 649 1885 749 1932; x_wconf 88' lang='lat' dir='ltr'>causa</span> <span class='ocrx_word' id='word_1_63' title='bbox 774 1862 970 1946; x_wconf 87' lang='lat' dir='ltr'>extitemnt,</span> <span class='ocrx_word' id='word_1_64' title='bbox 997 1884 1056 1931; x_wconf 91' lang='lat' dir='ltr'>cur</span> <span class='ocrx_word' id='word_1_65' title='bbox 1080 1856 1271 1957; x_wconf 88' lang='lat' dir='ltr'>Periegesis</span> 
     </span>
     <span class='ocr_line' id='line_1_12' title="bbox 366 1989 1269 2091; baseline -0.003 -24"><span class='ocrx_word' id='word_1_66' title='bbox 366 1990 538 2067; x_wconf 87' lang='lat' dir='ltr'>Marciano</span> <span class='ocrx_word' id='word_1_67' title='bbox 563 1995 789 2091; x_wconf 78' lang='lat' dir='ltr'>assignaretur</span> <span class='ocrx_word' id='word_1_68' title='bbox 814 1993 856 2063; x_wconf 91' lang='lat' dir='ltr'>ab</span> <span class='ocrx_word' id='word_1_69' title='bbox 882 2018 940 2078; x_wconf 90' lang='lat' dir='ltr'>eo,</span> <span class='ocrx_word' id='word_1_70' title='bbox 966 1994 1024 2090; x_wconf 86' lang='lat' dir='ltr'>qui</span> <span class='ocrx_word' id='word_1_71' title='bbox 1047 1989 1186 2064; x_wconf 86' lang='lat' dir='ltr'>Parisini</span> <span class='ocrx_word' id='word_1_72' title='bbox 1212 2018 1269 2064; x_wconf 89' lang='lat' dir='ltr'>co-</span> 
     </span>
     <span class='ocr_line' id='line_1_13' title="bbox 366 2122 1270 2225; baseline -0.002 -26"><span class='ocrx_word' id='word_1_73' title='bbox 366 2128 452 2199; x_wconf 87' lang='lat' dir='ltr'>dicis</span> <span class='ocrx_word' id='word_1_74' title='bbox 477 2126 706 2225; x_wconf 80' lang='lat' dir='ltr'>apographum</span> <span class='ocrx_word' id='word_1_75' title='bbox 731 2128 860 2197; x_wconf 88' lang='lat' dir='ltr'>curavit</span> <span class='ocrx_word' id='word_1_76' title='bbox 883 2122 1075 2197; x_wconf 89' lang='lat' dir='ltr'>Palatinum.</span> <span class='ocrx_word' id='word_1_77' title='bbox 1100 2124 1189 2197; x_wconf 90' lang='lat' dir='ltr'>hunc</span> <span class='ocrx_word' id='word_1_78' title='bbox 1215 2152 1270 2197; x_wconf 88' lang='lat' dir='ltr'>se-</span> 
     </span>
     <span class='ocr_line' id='line_1_14' title="bbox 368 2254 1270 2361; baseline -0.003 -28"><span class='ocrx_word' id='word_1_79' title='bbox 368 2262 462 2361; x_wconf 86' lang='lat' dir='ltr'>quuti</span> <span class='ocrx_word' id='word_1_80' title='bbox 492 2270 584 2345; x_wconf 90' lang='lat' dir='ltr'>sunt,</span> <span class='ocrx_word' id='word_1_81' title='bbox 622 2260 679 2358; x_wconf 90' lang='lat' dir='ltr'>qui</span> <span class='ocrx_word' id='word_1_82' title='bbox 716 2258 857 2356; x_wconf 84' lang='lat' dir='ltr'>primam</span> <span class='ocrx_word' id='word_1_83' title='bbox 888 2254 1111 2356; x_wconf 86' lang='lat' dir='ltr'>Periegeseos</span> <span class='ocrx_word' id='word_1_84' title='bbox 1141 2270 1270 2356; x_wconf 88' lang='lat' dir='ltr'>partem</span> 
     </span>
     <span class='ocr_line' id='line_1_15' title="bbox 368 2387 1271 2490; baseline -0.002 -24"><span class='ocrx_word' id='word_1_85' title='bbox 368 2395 432 2466; x_wconf 90' lang='lat' dir='ltr'>sub</span> <span class='ocrx_word' id='word_1_86' title='bbox 462 2394 598 2464; x_wconf 89' lang='lat' dir='ltr'>nornine</span> <span class='ocrx_word' id='word_1_87' title='bbox 622 2387 784 2463; x_wconf 87' lang='lat' dir='ltr'>Marciani</span> <span class='ocrx_word' id='word_1_88' title='bbox 808 2388 1032 2464; x_wconf 80' lang='lat' dir='ltr'>Heracleotae</span> <span class='ocrx_word' id='word_1_89' title='bbox 1064 2393 1271 2490; x_wconf 86' lang='lat' dir='ltr'>evulgarunt,</span> 
     </span>
     <span class='ocr_line' id='line_1_16' title="bbox 367 2521 1270 2613; baseline -0.001 -15"><span class='ocrx_word' id='word_1_90' title='bbox 367 2523 515 2598; x_wconf 87' lang='lat' dir='ltr'>Davides</span> <span class='ocrx_word' id='word_1_91' title='bbox 549 2522 774 2596; x_wconf 87' lang='lat' dir='ltr'>Hoeschelius</span> <span class='ocrx_word' id='word_1_92' title='bbox 812 2537 847 2597; x_wconf 93' lang='lat' dir='ltr'>et</span> <span class='ocrx_word' id='word_1_93' title='bbox 882 2523 910 2597; x_wconf 86' lang='lat' dir='ltr'>F</span> <span class='ocrx_word' id='word_1_94' title='bbox 913 2524 1067 2598; x_wconf 88' lang='lat' dir='ltr'>edericus</span> <span class='ocrx_word' id='word_1_95' title='bbox 1096 2521 1270 2613; x_wconf 87' lang='lat' dir='ltr'>Morellus,</span> 
     </span>
    </p>
   </div>
   <div class='ocr_carea' id='block_1_10' title="bbox 362 2653 1270 2754">
    <p class='ocr_par' dir='ltr' id='par_1_10' title="bbox 362 2653 1270 2754">
     <span class='ocr_line' id='line_1_17' title="bbox 362 2653 1270 2754; baseline 0 -26"><span class='ocrx_word' id='word_1_96' title='bbox 362 2657 423 2729; x_wconf 85' lang='lat' dir='ltr'>¹ille</span> <span class='ocrx_word' id='word_1_97' title='bbox 447 2653 620 2754; x_wconf 82' lang='lat' dir='ltr'>Augustae</span> <span class='ocrx_word' id='word_1_98' title='bbox 635 2654 768 2730; x_wconf 87' lang='lat' dir='ltr'>Vindel.</span> <span class='ocrx_word' id='word_1_99' title='bbox 795 2684 823 2728; x_wconf 92' lang='lat' dir='ltr'>a.</span> <span class='ocrx_word' id='word_1_100' title='bbox 842 2653 949 2746; x_wconf 74' lang='lat' dir='ltr'>MDC,</span> <span class='ocrx_word' id='word_1_101' title='bbox 972 2655 1136 2731; x_wconf 87' lang='lat' dir='ltr'>Morellus</span> <span class='ocrx_word' id='word_1_102' title='bbox 1160 2670 1270 2730; x_wconf 89' lang='lat' dir='ltr'>autem</span> 
     </span>
    </p>
   </div>
   <div class='ocr_carea' id='block_1_11' title="bbox 367 2784 1270 2864">
    <p class='ocr_par' dir='ltr' id='par_1_11' title="bbox 367 2784 1400 2896">
     <span class='ocr_line' id='line_1_18' title="bbox 367 2784 1270 2864; baseline 0 -2"><span class='ocrx_word' id='word_1_103' title='bbox 367 2787 502 2862; x_wconf 85' lang='lat' dir='ltr'>Parisiis</span> <span class='ocrx_word' id='word_1_104' title='bbox 533 2815 561 2861; x_wconf 86' lang='lat' dir='ltr'>a.</span> <span class='ocrx_word' id='word_1_105' title='bbox 592 2784 746 2862; x_wconf 81' lang='lat' dir='ltr'><strong>MDCVI.</strong></span> <span class='ocrx_word' id='word_1_106' title='bbox 783 2791 825 2864; x_wconf 90' lang='lat' dir='ltr'>ab</span> <span class='ocrx_word' id='word_1_107' title='bbox 857 2791 975 2862; x_wconf 90' lang='lat' dir='ltr'>horum</span> <span class='ocrx_word' id='word_1_108' title='bbox 1006 2793 1153 2863; x_wconf 89' lang='lat' dir='ltr'>virorum</span> <span class='ocrx_word' id='word_1_109' title='bbox 1184 2791 1270 2864; x_wconf 92' lang='lat' dir='ltr'>iudi-</span> 
     </span>
    </p>
   </div>
   <div class='ocr_carea' id='block_1_12' title="bbox 363 2920 1269 3022">
    <p class='ocr_par' dir='ltr' id='par_1_12' title="bbox 363 2903 1400 3022">
     <span class='ocr_line' id='line_1_19' title="bbox 363 2920 1269 3022; baseline 0.002 -28"><span class='ocrx_word' id='word_1_110' title='bbox 363 2924 422 2994; x_wconf 88' lang='lat' dir='ltr'>cio</span> <span class='ocrx_word' id='word_1_111' title='bbox 446 2923 566 2994; x_wconf 87' lang='lat' dir='ltr'>merito</span> <span class='ocrx_word' id='word_1_112' title='bbox 582 2920 822 3011; x_wconf 88' lang='lat' dir='ltr'>dissenserunt,</span> <span class='ocrx_word' id='word_1_113' title='bbox 848 2925 904 3022; x_wconf 93' lang='lat' dir='ltr'>qui</span> <span class='ocrx_word' id='word_1_114' title='bbox 922 2921 1043 2996; x_wconf 90' lang='lat' dir='ltr'>iisdem</span> <span class='ocrx_word' id='word_1_115' title='bbox 1062 2923 1167 2997; x_wconf 89' lang='lat' dir='ltr'>lerme</span> <span class='ocrx_word' id='word_1_116' title='bbox 1184 2935 1269 2996; x_wconf 88' lang='lat' dir='ltr'>tem·</span> 
     </span>
    </p>
   </div>
   <div class='ocr_carea' id='block_1_13' title="bbox 361 3051 1270 3289">
    <p class='ocr_par' dir='ltr' id='par_1_13' title="bbox 361 3051 1270 3289">
     <span class='ocr_line' id='line_1_20' title="bbox 367 3051 1270 3154; baseline 0.004 -30"><span class='ocrx_word' id='word_1_117' title='bbox 367 3051 507 3152; x_wconf 86' lang='lat' dir='ltr'>poribus</span> <span class='ocrx_word' id='word_1_118' title='bbox 538 3051 678 3129; x_wconf 86' lang='lat' dir='ltr'>eandem</span> <span class='ocrx_word' id='word_1_119' title='bbox 713 3058 911 3130; x_wconf 88' lang='lat' dir='ltr'>sententiam</span> <span class='ocrx_word' id='word_1_120' title='bbox 941 3055 1129 3154; x_wconf 89' lang='lat' dir='ltr'>protulere,</span> <span class='ocrx_word' id='word_1_121' title='bbox 1161 3053 1270 3128; x_wconf 86' lang='lat' dir='ltr'>Lucas</span> 
     </span>
     <span class='ocr_line' id='line_1_21' title="bbox 361 3183 1269 3289; baseline 0.003 -30"><span class='ocrx_word' id='word_1_122' title='bbox 361 3183 563 3259; x_wconf 79' lang='lat' dir='ltr'>‘Holstenius</span> <span class='ocrx_word' id='word_1_123' title='bbox 587 3201 623 3261; x_wconf 85' lang='lat' dir='ltr'>et</span> <span class='ocrx_word' id='word_1_124' title='bbox 646 3186 778 3262; x_wconf 87' lang='lat' dir='ltr'>Isaacus</span> <span class='ocrx_word' id='word_1_125' title='bbox 804 3185 963 3276; x_wconf 86' lang='lat' dir='ltr'>Vossius,</span> <span class='ocrx_word' id='word_1_126' title='bbox 994 3193 1051 3289; x_wconf 91' lang='lat' dir='ltr'>qui</span> <span class='ocrx_word' id='word_1_127' title='bbox 1075 3219 1142 3264; x_wconf 92' lang='lat' dir='ltr'>non</span> <span class='ocrx_word' id='word_1_128' title='bbox 1167 3190 1269 3263; x_wconf 89' lang='lat' dir='ltr'>modo</span> 
     </span>
    </p>
   </div>
   <div class='ocr_carea' id='block_1_14' title="bbox 367 3320 1400 3423">
    <p class='ocr_par' dir='ltr' id='par_1_14' title="bbox 367 3320 1400 3423">
     <span class='ocr_line' id='line_1_22' title="bbox 367 3320 1400 3423; baseline 0.002 -31"><span class='ocrx_word' id='word_1_129' title='bbox 367 3320 505 3392; x_wconf 90' lang='lat' dir='ltr'>alteram</span> <span class='ocrx_word' id='word_1_130' title='bbox 531 3345 630 3418; x_wconf 85' lang='lat' dir='ltr'>quam</span> <span class='ocrx_word' id='word_1_131' title='bbox 656 3321 723 3392; x_wconf 82' lang='lat' dir='ltr'>dixi</span> <span class='ocrx_word' id='word_1_132' title='bbox 746 3333 877 3418; x_wconf 89' lang='lat' dir='ltr'>partem</span> <span class='ocrx_word' id='word_1_133' title='bbox 904 3321 946 3395; x_wconf 88' lang='lat' dir='ltr'>ab</span> <span class='ocrx_word' id='word_1_134' title='bbox 972 3323 1094 3397; x_wconf 89' lang='lat' dir='ltr'>eodem</span> <span class='ocrx_word' id='word_1_135' title='bbox 1120 3328 1177 3423; x_wconf 88' lang='lat' dir='ltr'>qui</span> <span class='ocrx_word' id='word_1_136' title='bbox 1200 3326 1269 3423; x_wconf 87' lang='lat' dir='ltr'>pri·</span> <span class='ocrx_word' id='word_1_137' title='bbox 1399 3353 1400 3384; x_wconf 47' lang='lat' dir='ltr'>i</span> 
     </span>
    </p>
   </div>
   <div class='ocr_carea' id='block_1_15' title="bbox 365 3445 1400 3552">
    <p class='ocr_par' dir='ltr' id='par_1_15' title="bbox 365 3445 1400 3552">
     <span class='ocr_line' id='line_1_23' title="bbox 365 3445 1400 3552; baseline -0.004 -28"><span class='ocrx_word' id='word_1_138' title='bbox 365 3472 455 3524; x_wconf 87' lang='lat' dir='ltr'>mam</span> <span class='ocrx_word' id='word_1_139' title='bbox 493 3455 684 3550; x_wconf 88' lang='lat' dir='ltr'>composuit</span> <span class='ocrx_word' id='word_1_140' title='bbox 722 3456 879 3552; x_wconf 83' lang='lat' dir='ltr'>scriptam</span> <span class='ocrx_word' id='word_1_141' title='bbox 918 3481 995 3530; x_wconf 86' lang='lat' dir='ltr'>esse</span> <span class='ocrx_word' id='word_1_142' title='bbox 1027 3457 1269 3544; x_wconf 88' lang='lat' dir='ltr'>intellexeruut,</span> <span class='ocrx_word' id='word_1_143' title='bbox 1399 3445 1400 3520; x_wconf 61' lang='grc' dir='ltr'><em>ἕ</em></span> 
     </span>
    </p>
   </div>
   <div class='ocr_carea' id='block_1_16' title="bbox 366 3584 1269 3819">
    <p class='ocr_par' dir='ltr' id='par_1_16' title="bbox 366 3584 1269 3819">
     <span class='ocr_line' id='line_1_24' title="bbox 368 3584 1269 3689; baseline 0 -30"><span class='ocrx_word' id='word_1_144' title='bbox 368 3584 431 3659; x_wconf 78' lang='lat' dir='ltr'>sed</span> <span class='ocrx_word' id='word_1_145' title='bbox 455 3588 554 3660; x_wconf 85' lang='lat' dir='ltr'>etiam</span> <span class='ocrx_word' id='word_1_146' title='bbox 580 3597 749 3659; x_wconf 85' lang='lat' dir='ltr'>auctorem</span> <span class='ocrx_word' id='word_1_147' title='bbox 775 3589 927 3660; x_wconf 88' lang='lat' dir='ltr'>carminis</span> <span class='ocrx_word' id='word_1_148' title='bbox 945 3587 1130 3689; x_wconf 86' lang='lat' dir='ltr'>Scymnum</span> <span class='ocrx_word' id='word_1_149' title='bbox 1148 3584 1269 3660; x_wconf 89' lang='lat' dir='ltr'>Chium</span> 
     </span>
     <span class='ocr_line' id='line_1_25' title="bbox 366 3718 1268 3819; baseline 0.004 -29"><span class='ocrx_word' id='word_1_150' title='bbox 366 3718 432 3791; x_wconf 85' lang='lat' dir='ltr'>sibi</span> <span class='ocrx_word' id='word_1_151' title='bbox 456 3721 648 3816; x_wconf 88' lang='lat' dir='ltr'>repperisse</span> <span class='ocrx_word' id='word_1_152' title='bbox 672 3721 735 3792; x_wconf 89' lang='lat' dir='ltr'>visi</span> <span class='ocrx_word' id='word_1_153' title='bbox 760 3734 845 3793; x_wconf 90' lang='lat' dir='ltr'>suut.</span> <span class='ocrx_word' id='word_1_154' title='bbox 874 3747 1014 3819; x_wconf 91' lang='lat' dir='ltr'>quorum</span> <span class='ocrx_word' id='word_1_155' title='bbox 1040 3724 1186 3794; x_wconf 89' lang='lat' dir='ltr'>virorum</span> <span class='ocrx_word' id='word_1_156' title='bbox 1211 3749 1268 3794; x_wconf 90' lang='lat' dir='ltr'>au-</span> 
     </span>
    </p>
   </div>
   <div class='ocr_carea' id='block_1_17' title="bbox 0 0 1540 4575">
    <p class='ocr_par' dir='ltr' id='par_1_17' title="bbox 0 0 1540 4575">
     <span class='ocr_line' id='line_1_26' title="bbox 0 0 1540 4575; baseline 0 0"><span class='ocrx_word' id='word_1_157' title='bbox 0 0 1540 4575; x_wconf 95' lang='lat' dir='ltr'> </span> 
     </span>
    </p>
   </div>
  </div>
 </body>
</html>
