3067 4575
691 535 732 604 39

265 746 377 819 Parum
393 749 517 810 venusti
532 746 623 810 huius
638 766 748 810 versus
763 747 885 810 numeri
899 757 980 824 sunt,
1001 746 1159 833 dactylica

266 867 400 934 diaeresi
414 871 524 934 mirum
538 871 572 932 in
587 865 714 932 modum
730 865 968 954 debilitatisqua
983 874 1081 935 utitur
1094 873 1160 956 qui·

266 989 337 1056 dem
359 1001 477 1070 noster,
500 990 558 1056 sed
574 1013 610 1054 ea
625 989 699 1077 lege
715 1001 750 1054 ut
767 989 914 1074 dactylus
930 1014 967 1056 ex
981 991 1052 1078 plus
1067 1015 1159 1078 quam

265 1135 331 1180 uno
353 1113 513 1180 vocabulo
538 1115 732 1199 composi-tus
755 1116 803 1189 sit,
825 1122 861 1176 ut
881 1113 945 1176 427
968 1114 1069 1192 νῆσος
1083 1117 1161 1179 Πα-

265 1240 346 1322 ρίων
367 1239 470 1331 κτίσις
490 1237 580 1301 ἐστὶν
599 1230 621 1314 ἥ
638 1258 671 1299 τε
686 1236 852 1318 λεγομένη,
875 1236 940 1299 699
962 1246 1065 1302 κεῖται
1078 1233 1157 1300 καθ’

264 1354 307 1438 ἢν
328 1355 423 1435 πόλις
445 1359 513 1424 ἐστὶ
534 1337 645 1445 πρώτη
659 1356 804 1444 Καρὸἰα,
827 1357 891 1421 739
912 1355 989 1440 μεθ’
1010 1351 1053 1437 ἢν
1068 1353 1162 1434 πόλις

265 1483 335 1546 ἐστὶ
367 1477 506 1567 σύνορος
526 1463 735 1544 Ἀπολλωνία.
781 1480 891 1564 Itaque
918 1479 1090 1568 legendum
1111 1503 1162 1546 su-

266 1605 373 1689 spicor
400 1601 579 1678 Ἀτλαντος.
635 1601 758 1697 Εοᾶοιο
779 1604 858 1666 vitio
880 1601 1007 1666 laborat
1034 1596 1080 1666 τέ.
1095 1606 1160 1668 227

267 1717 324 1800 οὓς
344 1717 459 1806 ςόκισεν
480 1721 539 1790 οὑκ
552 1725 680 1812 Κίρκης
697 1721 846 1788 Ὀδυσσεῖ
865 1719 1048 1810 γενόμενος,
1068 1725 1162 1791 facile

266 1845 320 1911 ille
349 1846 474 1934 quidem
503 1847 675 1925 sanandus,
712 1858 745 1912 et
771 1869 818 1910 vs.
840 1849 904 1912 411
941 1858 1011 1924 τοῖς
1039 1841 1162 1927 ἤθεσιν

265 1972 432 2058 ἱστοροῦσι
453 1965 522 2047 τοῖς
542 1972 608 2036 τῶν
629 1964 824 2056 βαρβάρων,
846 1969 901 2033 ubi
922 1992 1052 2056 repone,
1073 1971 1161 2057 quod

267 2097 359 2158 etiam
381 2092 421 2158 ad
443 2096 631 2159 sententiam
655 2095 756 2179 aptius
773 2102 828 2170 est,
850 2100 919 2168 τοῖς
933 2073 1056 2159 ἔθεσιν.
1091 2095 1162 2158 Νοο

265 2239 311 2280 vs.
334 2219 398 2284 826
428 2205 480 2281 edi
508 2215 621 2282 debuit
648 2211 756 2305 Τόρας
777 2209 892 2298 βαθύς
912 2212 941 2278 τ’
960 2209 1006 2282 ὢν
1028 2209 1163 2302 εόβοτός

266 2344 336 2405 ἐστι
356 2346 429 2415 ταῖς
450 2316 576 2423 νομαῖς,
598 2339 653 2406 ubi
671 2361 764 2425 quum
780 2344 850 2404 ἐστι
864 2362 883 2403 ο
898 2344 1080 2405 coniectura
1094 2339 1163 2404 illa·

266 2472 333 2527 tum
360 2464 414 2539 sit,
443 2471 584 2547 apertum
614 2470 663 2525 est
685 2460 887 2529 scribendum
909 2462 1006 2527 fuisse
1029 2456 1162 2545 εόβοτός

266 2607 301 2651 τε
328 2593 402 2660 ταῖς
429 2592 556 2668 νομαῖς.
606 2584 659 2649 De
681 2604 727 2648 vs.
743 2556 809 2649 934
835 2579 877 2649 τὰ
899 2580 998 2649 λοιπολ
1022 2587 1088 2649 τῶν
1108 2608 1162 2669 μι·

266 2702 377 2791 γόδων
405 2706 439 2771 δὲ
464 2706 570 2791 χωρία
590 2700 750 2792 βάρβαρα
778 2727 839 2771 suo
867 2705 941 2771 loco
965 2706 1083 2771 dictum
1107 2719 1162 2785 est,

266 2832 446 2915 pariterque
480 2827 520 2893 de
555 2830 620 2893 942
652 2824 841 2913 Ἀμαζόνων
876 2818 921 2893 ὧν
949 2830 1091 2908 πλησίον
1120 2818 1163 2907 ἦν

264 2947 355 3038 χώρα
369 2953 464 3016 ποτέ.
520 2951 653 3015 Prorsus
682 2950 802 3015 inficite
823 2972 870 3014 vs.
887 2951 951 3015 766
974 2947 1091 3014 editum
1114 2959 1163 3011 est

209 3042 212 3051 ,
261 3066 389 3161 Ἴστρος
417 3067 483 3139 σἰπό
511 3072 572 3139 τοῦ
598 3074 751 3156 ποταμοῦ
778 3068 860 3155 λάβε
888 3072 986 3137 τοῦτο
1007 3064 1162 3154 τοῦνομα,

266 3217 326 3283 pro
356 3216 396 3261 eo
425 3195 512 3283 quod
540 3198 574 3260 in
601 3192 711 3259 codice
739 3193 859 3283 legitur
886 3194 983 3278 ἔλαβε
1004 3185 1162 3277 τοῦνομα.

267 3320 315 3386 Ex
344 3340 406 3386 usu
433 3322 563 3407 Soymni
591 3316 793 3383 scribendum
822 3327 890 3383 erat
910 3316 1062 3402 λαβοῦσα
1088 3308 1164 3381 τοό-

267 3464 364 3528 νομα.
409 3442 558 3530 Denique
580 3464 625 3507 τε.
642 3444 706 3507 659
733 3438 809 3521 ἑξῆς
830 3435 998 3515 Νεόπολλς
1019 3439 1165 3503 ἐστικαὶ

268 3564 370 3644 νῆσος
395 3560 513 3643 Θάσος,
536 3574 591 3631 aut
612 3568 845 3631 excusationem
868 3587 886 3629 a
909 3563 1088 3648 composito
1109 3561 1163 3631 ha-

263 3686 339 3766 ⁴bet,
368 3698 422 3753 aut
449 3686 648 3755 scribendum
671 3690 745 3753 Νέα
766 3684 876 3764 πόλις,
904 3696 941 3751 ut
963 3693 1011 3749 est
1030 3679 1065 3749 i‘n
1087 3702 1164 3769 apo·
