3067 4575
713 574 748 613 ΧΙ

656 641 807 649 ——..-——

285 765 351 833 »έν
382 770 459 848 τοῖς
482 762 566 861 περὶ
589 753 790 860 Εὐρώπης,
826 764 912 833 siout
942 789 1017 860 pag.
1044 790 1184 861 praece·
1223 782 1226 790 ’

284 893 402 967 »denti
439 899 478 967 έν
509 901 587 978 τοῖς
617 893 701 990 περὶ
728 888 853 979 Ἀσίας
890 894 981 967 idem
1016 894 1184 995 Scymnus

284 1027 461 1100 »laudatur
499 1023 562 1125 [ad
593 1022 649 1112 IV,
679 1024 762 1097 277.
805 1018 864 1097 ὅτι
902 1027 942 1099 δέ
973 1029 1186 1119 Αἰγυπτίων

283 1161 399 1233 »εἰσὶν
427 1161 464 1230 οἱ
492 1151 630 1249 Κόλχοι
661 1151 829 1241 ἄποικοι,
861 1157 923 1227 καὶ
947 1153 1122 1252 Σκύμνος
1147 1164 1186 1231 ἐν

283 1302 388 1379 »τοῖς
412 1291 497 1389 περὶ
517 1286 641 1375 Ἀσίας
664 1283 787 1384 λέγει]
814 1288 892 1361 indo
917 1291 1062 1387 imperiti
1085 1290 1184 1363 libra·
1253 1378 1256 1383 ,

283 1427 350 1497 »rii
374 1424 488 1495 iecere
514 1427 553 1492 έν
578 1425 624 1524 τῇ
642 1445 677 1505 ις
700 1446 763 1517 pro
781 1424 820 1491 έν
837 1430 924 1507 τοῖς.
953 1422 1045 1520 quod
1062 1421 1185 1495 deindo

282 1582 398 1629 »voco
415 1582 562 1653 expansa
583 1553 710 1627 editum
726 1556 766 1624 έν
785 1557 831 1657 τῇ
850 1550 1097 1658 ἑκκαιδεκάτῃ.
1123 1580 1184 1629 ne-

283 1714 377 1787 »que
407 1690 515 1759 minus
546 1698 703 1784 corrupta
733 1698 811 1759 sunt
842 1712 929 1784 quae
961 1712 1003 1759 ex
1034 1685 1184 1787 Scymno

282 1820 355 1893 »de
378 1818 452 1891 istri
477 1847 579 1893 cursu
603 1818 706 1891 affert.
732 1844 809 1889 nam
834 1844 896 1914 pro
922 1818 980 1891 illo
1005 1810 1079 1891 ἀπὸ
1101 1812 1184 1919 ἐρή-

282 1979 382 2049 »μου
406 1956 591 2053 φέρεσθαι
616 1942 681 2023 τὸν
696 1946 849 2049 Ἴστρον,
876 1951 1090 2025 scribendum
1108 1943 1183 2023 ἀπὸ

282 2090 477 2183 »έοιιέροιι
518 2085 611 2184 quod
649 2085 824 2182 sequeutia
856 2080 1046 2157 Callimachi
1080 2084 1185 2157 verba

282 2253 300 2287 ι»
308 2221 474 2306 evincunt,
499 2243 586 2316 quae
601 2214 752 2317 Ripaeos
778 2228 909 2290 montes
935 2216 977 2290 ad
994 2230 1103 2290 ortum
1120 2243 1182 2316 po-

283 2363 407 2436 »nunt,
438 2363 555 2422 contra
586 2377 626 2422 ac
650 2350 837 2450 Scymnus,
869 2352 964 2424 cuius
993 2352 1078 2424 haec
1107 2363 1185 2424 sunt
1304 2387 1311 2396 ·

283 2482 414 2555 »verba
439 2481 482 2554 de
505 2480 608 2554 istro:
639 2488 852 2583 κατέρχεται
881 2473 956 2556 ἀπὸ
981 2487 1054 2557 τῶν
1078 2489 1182 2556 ἑσπε-

282 2616 399 2715 »ρίων
428 2606 592 2688 τόπων.»
654 2613 711 2687 Ad
739 2617 911 2713 pos'trema
941 2615 1033 2714 quod
1057 2619 1184 2704 attinet,

278 2748 323 2821 da
347 2744 423 2819 latri
454 2772 555 2818 cursu
586 2773 672 2843 quae
697 2750 730 2818 in
753 2746 928 2846 Poriegesi
963 2747 1051 2820 diota
1080 2760 1184 2834 erant,

277 2882 330 2954 his
360 2881 475 2954 verbis
505 2882 691 2976 perscripta
724 2883 871 2954 servavit
901 2891 1017 2952 auctor
1043 2877 1211 2987 Peripli:¹

279 3000 390 3098 οὗτος
428 3010 448 3081 ὁ
477 3007 618 3110 Ἴστρος
654 3005 822 3106 ποταμὸς
860 3016 1073 3109 κατέρχεται
1108 3001 1183 3082 ἀπὸ

279 3147 353 3216 τῶν
389 3145 566 3243 ἑσπερίων
604 3136 745 3229 τόπων,
786 3135 853 3240 τὴν
890 3133 1042 3240 ἐκβολὴν
1075 3147 1184 3216 πέντε

278 3272 440 3371 στόμασι
455 3268 686 3371 ποιούμενος,
711 3277 798 3350 δυσὶ
813 3267 1105 3376 περισχιζόμενος
1123 3271 1192 3348 καῖ

279 3412 330 3494 εἰς
343 3399 407 3480 τὸν
415 3404 561 3508 Ἀδρίαν
572 3411 636 3509 ῥεῖ.
657 3436 798 3508 quorum
815 3412 937 3508 priora,
955 3437 1040 3509 quae
1051 3409 1181 3482 vs.774

280 3543 329 3612 sio
355 3540 445 3612 edidi
470 3537 537 3641 ἀφ’
557 3544 733 3640 ἑσπερίων
756 3535 869 3637 μόνος
894 3549 1107 3640 κατέρχεται
1122 3534 1181 3616 τό·
1213 3550 1220 3560 “

280 3686 459 3759 noveta,
484 3701 572 3746 nunc
598 3677 643 3746 ita
669 3676 867 3772 corrigenda
893 3677 1046 3748 arbitror:
