3067 4575
597 571 600 586 s
631 567 784 671 „u-

251 775 345 860 χιοῦς
374 785 406 840 et
439 773 640 864 Τειχιόεσσα.
692 776 760 866 Cir.
790 776 961 844 Salmasius
989 778 1031 844 ad
1053 778 1154 844 Solio.

254 921 286 985 p.
303 900 377 964 714.
414 900 502 965 Nihil
524 911 630 967 tamen
645 899 846 976 mutandum
868 922 1055 988 quemquam
1071 905 1154 967 enim

254 1021 435 1088 huiusmodi
461 1027 590 1089 nomina
619 1026 752 1110 proprie
779 1022 986 1087 masculinum
1015 1024 1075 1089 sibi
1100 1046 1156 1112 ge·

253 1167 313 1210 nus
341 1145 523 1232 postulant,
552 1145 586 1210 id
614 1146 702 1232 quod
732 1144 774 1210 de
795 1145 952 1210 Elaeunte
980 1156 1014 1210 et
1036 1147 1157 1233 Trape-

254 1279 351 1334 zunte
374 1268 513 1334 disertim
535 1279 668 1334 testatur
690 1266 806 1333 Strabo
826 1269 888 1332 Vll
910 1292 941 1354 p.
956 1269 1038 1334 331:
1060 1263 1155 1347 ὅτιη

253 1386 348 1467 πόλις
371 1389 390 1455 ὁ
410 1388 559 1468 Ἐλαιοῦς
580 1388 757 1476 ἀρσενικῶς
778 1392 920 1474 λέγεται·
941 1384 1029 1474 τάχα
1051 1390 1086 1486 δὲ
1099 1391 1156 1454 καὶ

255 1510 273 1578 ὁ
308 1513 508 1598 Τραπεζοῦς,
538 1537 612 1580 usus
641 1525 747 1578 tamen
776 1513 929 1592 obtinuit,
956 1522 994 1578 ut
1019 1524 1155 1598 utroque

132 1679 133 1682 =
254 1657 375 1724 genere
396 1635 590 1714 dicerentur,
620 1659 647 1700 e.
672 1659 698 1700 c.
721 1636 898 1714 Σελινοῦς,
926 1635 969 1700 de
997 1655 1062 1721 quo
1085 1634 1156 1699 Ste-

228 1843 233 1856 ·
253 1760 376 1846 phauns
392 1760 566 1846 Byzantius
582 1784 612 1846 p.
628 1761 703 1839 249,
719 1763 760 1826 17
784 1759 956 1836 Σελινοῦς,
977 1754 1072 1834 πόλις
1087 1757 1156 1822 Σι-

253 1883 369 1960 κελίας,
392 1880 568 1970 ἀρσενικῶς
589 1885 645 1948 καὶ
667 1884 823 1964 θηλυκῶς
844 1883 1011 1966 λεγομένη.
1053 1881 1155 1947 Cuius

253 2009 300 2072 rei
323 2005 497 2092 exemplum
520 2005 670 2071 habemus
694 2006 780 2093 apud
797 2006 978 2071 Diodorum
993 2005 1057 2070 Sic.
1072 2004 1154 2081 11111,

253 2132 297 2196 59
320 2142 352 2194 et
371 2128 546 2230 plirgilium
569 2130 648 2194 Aen.
671 2129 732 2207 Ill,
755 2132 819 2194 5⁰7
839 2130 991 2214 palmosa
1012 2126 1154 2191 Selinus.

252 2253 375 2319 Pariter
396 2249 417 2331 ἡ
447 2251 633 2340 Τραπεζοῦς
656 2251 803 2318 dixerunt
824 2251 976 2317 Aelianus
998 2253 1038 2315 Η.
1057 2253 1095 2315 Α.
1113 2251 1154 2329 V,

254 2378 297 2441 42
322 2387 354 2439 et
375 2374 565 2440 Aristoteles
588 2376 661 2439 Mir.
686 2376 780 2439 Ausc.
804 2378 856 2440 17.
901 2375 967 2441 Sed
989 2374 1090 2439 redeo
1112 2373 1154 2438 ad

254 2499 435 2585 Scymnum,
458 2501 511 2583 qui
534 2518 597 2583 quo
620 2500 749 2563 nornine
768 2497 933 2563 Elaeuntis
955 2497 1153 2563 conditorem

253 2618 470 2707 appellaverit
492 2622 733 2686 incertissimum
757 2630 833 2685 est·
865 2621 903 2685 ln
924 2618 1037 2684 codice
1063 2621 1153 2706 Φορ-

252 2745 343 2828 βοῶν
364 2745 529 2828 εαιίριοαις
551 2742 585 2807 id
607 2742 660 2807 alii
687 2740 840 2832 Φόρβας,
861 2741 1019 2809 Morellos
1041 2746 1157 2818 autem,⁸

254 2888 347 2953 quem
370 2868 468 2931 ceteri
490 2868 615 2951 sequuti
636 2876 725 2945 sunt,
757 2843 901 2952 Φορβῶν
924 2863 1021 2928 scribi
1040 2863 1153 2929 voluit.

253 2991 326 3054 Hoc
354 2987 479 3074 quidem
508 2996 617 3073 aperte
645 2988 773 3065 falsum
800 2989 903 3075 magis
924 2984 1039 3071 ,placet
1063 2982 1154 3073 Φόρ·

253 3113 326 3195 βας,
348 3114 409 3177 nisi
431 3109 519 3198 quod
541 3110 656 3176 eodem
670 3112 740 3175 iure
758 3105 893 3197 Φόρβας
907 3110 1066 3174 coniicias.
1097 3108 1155 3174 Se-

254 3246 402 3323 quentem
423 3256 550 3301 versum
572 3236 618 3298 ita
639 3242 676 3299 ut
693 3255 788 3319 supra
804 3233 942 3319 apposui
955 3234 1081 3319 scripsit
1093 3233 1155 3297 Le-

254 3370 403 3436 tronnuS,
429 3380 524 3444 quum
547 3356 648 3423 codex
669 3354 787 3421 habeat
806 3359 918 3420 ἔπειτα
937 3349 1077 3435 Σηστὸς
1096 3356 1154 3421 καὶ

252 3476 388 3567 Ἄβυδος
404 3484 439 3546 αἱ
454 3484 606 3564 κείμεναι.
640 3479 814 3546 Infeliciter
830 3498 909 3543 vero
924 3478 1107 3543 Letronnus
1122 3488 1155 3541 et

255 3626 325 3670 cum
354 3607 445 3693 gravi
465 3622 577 3668 versus
606 3600 806 3668 detrimento.
850 3600 937 3665 Vide
960 3621 1054 3688 supra
1073 3622 1106 3687 p.
1120 3600 1171 3667 9.
1215 3646 1223 3659 -
1342 3590 1347 3601 ’

253 3728 326 3795 Nec
352 3728 408 3795 καὶ
430 3729 491 3791 nisi
513 3748 532 3791 a
553 3729 697 3813 pessimis
718 3726 825 3811 poetis
848 3705 984 3789 eliditur.
1029 3722 1154 3791 Confer

867 3847 889 3911 2
906 3844 954 3889 aa
