3067 4575
1585 574 1672 640 42

731 791 1026 856 Exercitt.
1072 786 1293 874 philol.
1341 785 1422 850 ad
1455 785 1685 851 Athen.
1732 784 1916 869 Spec.
1951 783 1983 847 1
2026 807 2086 868 p.
2119 785 2203 848 51
2252 805 2343 868 sq.
2412 783 2538 848 Mi-

731 934 867 978 rum
913 933 1068 976 vero
1126 934 1261 976 non
1319 908 1668 974 attendisse
1710 910 1884 972 viros
1942 905 2172 971 doctos
2232 904 2537 991 Abydum

732 1033 855 1100 dici
915 1021 1233 1099 coloniam
1291 1032 1699 1111 Lesbiorum,
1766 1052 1958 1117 quum
2020 1052 2157 1094 eam
2215 1029 2439 1094 urbem
2498 1052 2535 1094 a

731 1155 1002 1222 Milesiis
1060 1155 1379 1222 conditam
1441 1177 1583 1221 esse
1640 1156 2015 1243 gravissimo
2068 1162 2321 1216 constet
2364 1155 2540 1216 testi-

731 1283 949 1347 monio
1008 1279 1343 1346 Strabonis
1389 1279 1536 1343 XIII
1593 1301 1656 1364 p.
1702 1278 1829 1342 591
1893 1286 1958 1340 et
2011 1275 2318 1360 Stephani
2376 1277 2537 1361 Byz.

731 1426 795 1467 v.
836 1397 1122 1480 Ἄβυδος,
1168 1399 1344 1488 quod
1388 1403 1711 1490 ignoravit
1757 1401 1946 1463 etiam
1990 1395 2365 1483 Radulphus
2404 1398 2541 1462 Ro-

733 1525 978 1591 ebettus
1049 1527 1207 1589 Hist.
1266 1523 1505 1588 Colon.
1578 1524 1806 1588 Graec.
1865 1521 1995 1587 vol.
2040 1522 2131 1586 111
2195 1542 2340 1608 pag.
2387 1521 2536 1584 137.
2581 1593 2588 1604 .

735 1647 1020 1714 Omnino
1069 1669 1151 1711 ne
1195 1649 1409 1732 potuit
1438 1643 1692 1731 quidem
1733 1645 2039 1712 hocloco
2073 1642 2338 1730 Abydus
2370 1665 2541 1707 eom—

733 1771 1099 1848 memorari,
1169 1773 1406 1855 quippe
1463 1772 1530 1832 iu
1589 1770 1827 1832 Asiano
1888 1768 2293 1855 Hellesponti
2347 1766 2541 1831 litore

734 1894 851 1957 sita
886 1913 1149 1976 eamque
1180 1891 1266 1954 ob
1300 1913 1550 1954 causam
1583 1913 1618 1953 a
1642 1894 1963 1979 periegesi
1986 1894 2286 1977 Europae
2311 1889 2537 1955 aliena.

735 2015 851 2079 His
896 2016 1282 2101 argumentis
1327 2012 1487 2077 alius
1534 2014 1710 2078 urbis
1754 2035 1992 2080 nomen
2036 2016 2542 2100 circumspicien-

737 2134 885 2201 dum
945 2157 1086 2198 esse
1144 2135 1543 2225 intelligitur.
1600 2136 2004 2203 scribendum
2047 2159 2204 2202 vero
2257 2139 2542 2224 proxime

738 2257 819 2323 ad
865 2257 1104 2323 codicis
1149 2257 1368 2325 fidem:

825 2384 1045 2445 ἔπειτα
1089 2378 1367 2461 Σηστὸς
1407 2386 1521 2448 καὶ
1568 2378 1889 2460 Μάδυτος
1934 2388 2004 2448 αἱ
2047 2386 2337 2467 κείμεναι

827 2505 931 2567 ἐπὶ
976 2506 1094 2569 τοῦ
1137 2501 1549 2584 στενοτάτου,
1592 2507 1911 2589 Λεσβίων
1953 2504 2013 2573 δ’
2048 2497 2246 2573 οὖσαι
2284 2509 2539 2583 κτίσεις.

737 2626 903 2690 Nam
961 2628 1059 2704 δέ,
1114 2628 1287 2715 quod
1348 2628 1552 2693 codex
1596 2640 1749 2714 post
1790 2631 2109 2713 Λεσβίων
2150 2629 2372 2708 habet,
2429 2652 2544 2694 eur

738 2762 1208 2835 expungeretur
1249 2751 1423 2815 nulla
1471 2773 1660 2815 causa
1708 2765 1859 2817 erat.
1967 2754 2073 2817 De
2117 2753 2373 2839 Madyti
2416 2755 2541 2817 situ

740 2882 990 2936 constat
1036 2895 1110 2937 ex
1154 2874 1496 2939 Herodoto
1539 2875 1683 2953 Vn,
1726 2876 1813 2940 33
1860 2877 1996 2940 ἔστι
2039 2877 2107 2942 δὲ
2152 2878 2271 2956 τῆς
2305 2896 2539 2961 χερσο-

737 2989 945 3073 νήσου
997 2998 1115 3076 τῆς
1171 3003 1242 3063 ἐν
1290 2992 1779 3081 Ἑλλησπόντῳ,
1850 2998 2133 3078 Σηστοῦ
2188 3022 2255 3064 τε
2312 2993 2542 3074 πόλιος

737 3112 982 3198 μεταξὺ
1022 3122 1135 3185 καὶ
1171 3118 1511 3198 Μαδύτου,
1559 3117 1723 3202 ἀκτὴ
1771 3127 2010 3210 τρηχέα
2040 3128 2131 3200 εἰς
2174 3119 2541 3187 θάλασσαν

738 3236 1114 3317 κατήκουσα
1157 3238 1405 3325 Ἀβύδῳ
1455 3248 1836 3309 καταντίον.
1928 3246 2116 3311 Adde
2158 3245 2539 3311 Strabonem

739 3366 799 3422 jn
855 3374 1030 3442 purte
1076 3366 1288 3447 operis
1333 3386 1542 3449 nuper
1584 3389 1620 3429 a
1665 3368 1975 3432 Kramero
2021 3369 2191 3434 edita
2234 3368 2382 3433 libri
2410 3370 2539 3434 VII

743 3510 799 3566 μ.
843 3486 923 3546 ³3:32
987 3494 1048 3548 et
1092 3487 1198 3571 qui
1242 3484 1580 3550 Lesbiacas
1626 3488 1881 3575 Madyti
1939 3496 2220 3581 origines
2265 3496 2415 3557 item
2462 3515 2537 3556 ex

743 3606 987 3686 pet-[lita
1042 3605 1374 3672 Strabonis
1432 3619 1615 3694 parte
1681 3621 1945 3677 testatur
2001 3615 2395 3681 Eustathium
2454 3615 2538 3680 ad

751 3730 1015 3810 '¹³···1·3'5.
1046 3733 1196 3796 513.
1260 3730 1457 3815 Quod
1499 3743 1710 3799 autem
1738 3736 2168 3803 Sestumante
2198 3737 2538 3824 Madytum
