3067 4575
636 529 784 630 *33*

263 736 333 802 dice
355 747 457 803 autem
480 741 541 803 ista
563 741 607 804 ita
623 741 797 825 perscripta
818 749 903 803 sunt:
925 741 990 806 τῶν
1004 747 1157 828 κειμένων

262 981 335 1048 vide
357 1005 398 1050 an
419 988 462 1051 ita
484 985 579 1050 scribi
601 987 736 1070 possint:

305 1107 371 1170 τῶν
392 1111 545 1192 κειμένων
566 1104 641 1187 ἑξῆς
662 1129 696 1170 τε
717 1099 811 1192 παρὰ
831 1099 891 1171 τὸν
909 1103 1016 1186 Άξιόν

304 1231 370 1294 τῶν
390 1229 586 1294 Βοττεατῶν
609 1267 649 1280 -

261 1354 384 1439 Recepi
412 1355 509 1440 igitur
530 1352 684 1416 Letronni
708 1348 961 1415 emendationem
982 1351 1049 1414 τῶν
1068 1350 1158 1417 Bov-

261 1475 393 1552 τεατῶν,
407 1477 468 1538 nisi
484 1473 570 1561 quod
587 1473 780 1540 Βοττεατῶν
797 1472 950 1549 debebat3
973 1495 1158 1560 quamquam

262 1605 351 1660 reete
382 1596 490 1660 forsan
518 1599 574 1661 καί
600 1600 634 1661 in
663 1596 775 1662 codice
809 1598 959 1683 scriptum
988 1606 1050 1672 est3
1085 1595 1158 1662 fieri

263 1721 346 1783 enim
375 1689 482 1805 potest
510 1729 545 1784 ut
573 1729 659 1784 totus
688 1740 800 1783 versus
830 1718 996 1798 exciderit,
1031 1721 1064 1784 in
1092 1742 1157 1806 quo

262 1842 406 1907 Paeones
435 1841 573 1908 Bisaltae
604 1841 747 1927 aliaeque
776 1851 889 1929 gentes
918 1847 1159 1908 commemorari

261 1974 443 2050 potuerunt.
476 1966 663 2031 Βοττεᾶται
676 1975 782 2028 autem
798 1963 892 2028 iidem
909 1968 963 2051 qui
978 1963 1055 2030 alias
1068 1964 1159 2030 Bot-

262 2095 362 2153 τιαῖοι
384 2087 545 2165 dicuntum
573 2090 736 2153 rariorem·
752 2086 885 2150 formam
914 2109 976 2172 qua
1001 2086 1158 2173 Seymnus

262 2231 337 2274 usus
367 2220 415 2275 est
435 2221 589 2276 memorat
611 2210 793 2297 Stephanus
815 2210 895 2297 Byn
918 2231 943 2274 s.
965 2232 995 2273 v.
1020 2204 1159 2299 Ἅζωρος

264 2344 297 2397 et
319 2334 458 2419 Etymol.
474 2335 520 2399 M.
542 2358 573 2421 p.
589 2336 662 2411 206,
684 2336 715 2397 6.
752 2334 924 2398 Praeterea
945 2333 1051 2399 malim
1067 2329 1159 2422 παρὰ

263 2448 323 2520 τὸν
344 2451 536 2540 Στρυμόνα.
569 2456 799 2541 Parstrymonii
820 2458 905 2520 enim
921 2456 1014 2521 Livio
1035 2456 1091 2521 lib.
1107 2459 1159 2536 42,

197 2647 200 2655 ,
263 2578 305 2643 51
329 2576 464 2663 aliisque
487 2576 634 2645 dicuntur
656 2579 837 2666 Strymonis
859 2577 997 2659 accolae,
1018 2600 1086 2644 non
1099 2580 1158 2645 Pe

262 2702 466 2788 ristrymonii.

604 2878 662 2941 Vs.
685 2879 750 2943 638
772 2899 818 2964 sq.

308 3027 406 3099 Μετὰ
428 3034 533 3098 ταῦτα
547 3033 736 3113 Παλληνεῖς
750 3031 780 3099 δ’
796 3029 858 3123 ἀφ’
872 3028 981 3096 αὐτῶν
995 2992 1161 3117 avoeriae

307 3156 457 3239 λέγουσιν
479 3150 701 3243 ὁρμισθέντας
722 3154 757 3235 ἐξ
776 3154 918 3253 Ἀχαΐας.

263 3312 317 3383 Ile
338 3310 469 3378 Pallene
492 3310 674 3379 Chalcidica
697 3314 825 3378 civitate
835 3312 926 3383 ,haec
948 3311 1032 3393 dicit,
1054 3333 1073 3376 a
1091 3310 1162 3377 Pel-

264 3434 450 3501 lenensibus
472 3436 609 3501 Achaiae
639 3436 761 3525 populo
790 3436 1002 3502 denominata.
1052 3434 1161 3522 ltaque

265 3558 447 3639 Πελληνεῖς
475 3557 675 3625 scribendum
705 3572 737 3626 et
765 3562 912 3647 sequenti
940 3580 1035 3624 versu
1058 3555 1161 3646 ὁρμη·

266 3680 399 3757 θέντας.
538 3696 546 3701 ’
