3067 4575
698 577 734 619 ΙΧ

643 644 791 655 ...ω-.-

265 767 402 839 ctoritas
432 764 518 839 hanc
548 764 636 863 apud
662 790 781 837 omnes
805 766 872 837 vim
900 766 1031 851 habuit,
1063 777 1099 839 ut
1124 763 1169 845 de

264 901 404 973 veritate
427 924 537 971 novae
562 899 727 995 opinionis
751 922 851 969 nemo
880 924 966 972 unus
991 896 1167 985 dubitaret,

264 1034 327 1104 nisi
351 1029 444 1131 quod
467 1029 657 1127 Vindingus
682 1027 845 1127 quaedam
871 1030 1039 1103 obiecisse
1063 1029 1168 1105 fertur

264 1164 404 1239 refutata
429 1191 448 1235 a
472 1160 651 1237 Dodwello
675 1159 816 1235 Dissert
842 1159 887 1231 de
909 1158 1060 1259 Scymno
1084 1161 1115 1255 ἓ.
1131 1162 1166 1235 5.
1316 1170 1322 1177 ’

263 1299 377 1395 itaque
409 1320 535 1393 operae
564 1295 709 1392 pretium
743 1304 796 1365 est
819 1291 936 1365 videre
968 1293 1091 1391 quibus
1114 1319 1166 1365 ar·

262 1429 431 1525 gementis
455 1427 620 1502 duumviri
643 1425 827 1500 doctissimi
852 1426 1049 1497 sententiam
1074 1448 1167 1497 suam

264 1562 548 1633 communiverint
580 1584 621 1633 ac
644 1556 753 1641 Lucas
778 1555 990 1643 Holstenius‚
1015 1558 1073 1654 qni
1097 1557 1167 1654 pri·¹

263 1718 339 1763 mus
369 1718 411 1765 ea
439 1691 486 1765 de
515 1718 568 1765 re·
584 1693 782 1765 sententiam
814 1690 912 1777 dixit,
946 1714 1048 1787 quum
1080 1712 1166 1773 anno

261 1820 471 1925 ΜΒΟΧΧΧΙ
501 1826 536 1899 in
572 1819 872 1897 Observationibus
909 1820 953 1893 ad
987 1817 1167 1921 Porphyrii

263 1954 329 2029 Vit
355 1953 497 2056 Pyuag.
528 1984 561 2055 p.
582 1958 652 2031 117
685 1957 813 2057 aliquot
836 1953 1060 2051 Periegeseos
1091 1924 1172 2027 ver-¹

263 2117 321 2161 sus
345 2088 599 2184 (810-81tu
623 2102 779 2189 tanquam
810 2086 977 2188 »Scymni
993 2085 1066 2159 Chii
1081 2112 1165 2184 geo-

262 2223 382 2322 graphi
404 2225 556 2298 vetusti»
581 2248 702 2296 versus
724 2222 898 2309 attulisset,
927 2218 1083 2294 undecim
1107 2245 1164 2292 an-

262 2358 315 2428 nis
338 2368 418 2453 post
440 2353 649 2451 (MDOXLI)
675 2360 708 2430 in
726 2357 849 2430 notulis
868 2354 911 2426 ad
935 2352 1039 2426 schol.
1060 2349 1165 2450 Apol-

264 2489 330 2563 lon.
362 2484 472 2560 Rhod.
503 2486 562 2575 lv,
584 2489 657 2564 284
682 2488 802 2586 paullo
833 2487 989 2560 disertius
1018 2497 1164 2560 mentem

264 2647 358 2694 suam
382 2620 550 2716 explicuit
576 2619 639 2694 sed
661 2620 760 2692 huius
777 2621 881 2694 verba
905 2630 1081 2717 antequam
1105 2643 1164 2714 ap-

262 2781 402 2852 ponam,
433 2752 631 2828 scholiastae
661 2753 757 2824 locus
789 2751 976 2826 afferendus
1002 2763 1069 2822 est:
1102 2740 1167 2820 ads

257 2884 397 2985 Ἴστρον
428 2885 542 2986 φησὶν
566 2884 808 2984 (Apollonius)
834 2887 873 2956 ἐκ
902 2886 976 2956 τῶν
996 2881 1165 2978 Ὑπερβο-

263 3025 357 3118 ρέων
380 3021 662 3119 καταφέρεσθαι
690 3018 753 3090 καὶ
782 3019 855 3090 τῶν
875 3013 1048 3086 Ῥιπαίοιν
1071 3007 1167 3110 ὀροῖν

264 3194 311 3208 -
336 3143 524 3246 γινόμενον
553 3153 595 3224 δὲ
621 3140 953 3245 percellendus
984 3145 1045 3219 καὶ
1072 3145 1166 3243 θρᾳ-

263 3288 337 3356 κῶν
374 3265 580 3376 σχίζεσθαι·
620 3283 681 3354 καὶ
713 3275 755 3353 ιό
786 3284 855 3377 μὲν
891 3284 941 3368 εἰς
973 3271 1041 3378 τὴν
1072 3273 1164 3350 καθ’
1254 3323 1257 3330 ⁴

263 3414 363 3514 ἡμᾶς
398 3407 597 3490 θάλασσαν
628 3407 812 3510 ἐκβάλλειν
845 3413 1011 3514 ῥεῖθρον,
1051 3403 1093 3484 sd
1125 3411 1167 3484 dl
1295 3469 1304 3482 ,

265 3553 316 3636 εἰς
345 3541 414 3646 σὴν
445 3541 621 3647 πονοικνρν
651 3540 851 3620 θάλασσαν
883 3544 1068 3618 ἐκπίπτειν
1074 3595 1086 3630 ,
1122 3532 1165 3616 τὸ

265 3683 307 3754 δὲ
330 3683 381 3768 εἰς
405 3671 470 3752 τὸν
490 3672 717 3781 Ἀδριατικὸν
748 3675 893 3752 κόλπον.
925 3667 1101 3772 Σκύμνος
1125 3675 1166 3749 dl
