3067 4575
803 580 836 621 VI

367 770 482 841 berius
512 768 757 841 commentandi
790 770 892 839 otium
924 781 1057 853 nactus,
1093 768 1271 865 diligenter

368 904 495 999 scripto
533 900 686 972 mandavi
717 926 937 999 quaecunque
974 903 1059 973 inter
1091 900 1272 999 legendum

367 1061 453 1105 nova
478 1034 559 1105 mihi
584 1033 766 1105 observare
792 1034 883 1103 visus
910 1058 1010 1119 eram,
1037 1059 1146 1132 eoque
1172 1036 1205 1104 in
1225 1034 1272 1105 la-

367 1168 453 1239 bore
477 1178 569 1238 tanto
587 1166 728 1237 alacrius
743 1166 940 1263 pergebam,
966 1192 1032 1265 quo
1049 1168 1175 1263 gratius
1192 1166 1273 1237 illud

367 1300 446 1371 mihi
464 1325 617 1372 curarum
630 1300 663 1369 in
677 1296 849 1395 Stephano
864 1292 1028 1398 Byzantio
1043 1297 1271 1396 ponendarum

365 1423 657 1530 παρεμπόρευμα
683 1432 859 1526 obtigerat.
892 1433 937 1503 ita
961 1443 1036 1503 nata
1064 1444 1117 1503 est
1142 1430 1184 1503 de
1210 1434 1271 1502 im-

366 1562 589 1660 peditioribus
605 1559 829 1658 Periegeseos
852 1563 936 1633 locis
953 1566 1188 1637 commentatio
1207 1566 1271 1666 cri-

364 1697 448 1780 tica,
478 1720 577 1793 quam
602 1696 711 1791 primo
735 1691 875 1791 Bergkii
902 1707 936 1767 et
961 1694 1112 1767 Caesaris
1136 1694 1271 1767 Annali-

365 1828 430 1899 bus
454 1827 510 1899 vel
535 1824 786 1899 Schneidewini
811 1824 988 1922 Philologo
1013 1829 1179 1912 inserere,
1207 1854 1271 1923 po-

367 1970 438 2031 stea
476 1972 603 2044 autem,
639 1984 742 2057 quum
780 1959 894 2055 paullq
925 1961 1065 2057 spissior
1099 1961 1271 2046 evasisset,
1399 2058 1400 2061 Ἴ

366 2093 507 2165 seorsim
533 2091 636 2164 edere
663 2094 910 2164 constitueram.
936 2117 1052 2163 verum
1079 2118 1181 2189 quum
1206 2092 1270 2162 cri-

365 2225 449 2296 ticas
480 2222 746 2323 disquisitiones,
777 2225 974 2322 praesertim
1006 2222 1049 2296 de
1080 2222 1166 2297 libro
1190 2250 1269 2323 per-

363 2359 481 2453 paucis
514 2356 622 2442 lecto,
659 2383 727 2427 non
768 2383 975 2454 magnopere
1014 2361 1197 2455 expetitum
1230 2361 1270 2430 iri

363 2487 444 2559 mihi
459 2491 713 2586 persuasissem,
729 2492 837 2587 ipsam
854 2487 1059 2587 Periegesin‚
1074 2504 1175 2588 prout
1190 2491 1270 2562 milri
1398 2561 1399 2591 q

365 2619 573 2694 emendanda
603 2623 675 2693 visa
699 2633 767 2709 est,
800 2625 1071 2695 commentationi
1101 2624 1270 2697 subiicere

362 2753 528 2852 brevique
559 2756 772 2827 annotatione
803 2757 968 2828 instruere
999 2757 1131 2855 placuit.
1172 2781 1212 2828 ea
1235 2758 1269 2826 in

363 2911 402 2958 re
434 2911 556 2982 magno
594 2887 674 2958 mihi
705 2887 896 2960 adiumento
932 2887 993 2960 fuit
1022 2890 1269 2984 accuratissima
1397 2903 1398 2916 ¹

362 3013 503 3090 Parisini
529 3018 665 3106 codicis,
690 3022 748 3118 qui
772 3045 858 3092 unus
884 3033 1048 3118 superest,
1074 3021 1205 3094 collatio
1226 3023 1268 3094 ab

362 3145 526 3222 EMillero
565 3153 713 3224 instituta
737 3149 795 3247 l),
833 3156 928 3225 cuius
960 3156 1081 3251 opibus
1112 3157 1157 3226 ita
1187 3181 1269 3226 usus

364 3309 453 3371 sum,
483 3294 522 3354 ut
553 3281 597 3355 de
627 3285 753 3380 apertis
778 3283 876 3355 huius
907 3286 982 3359 libri
1005 3289 1095 3360 vitiis
1123 3299 1157 3359 et
1181 3313 1268 3386 quae

363 3417 427 3486 iam
446 3413 585 3488 Palatini
610 3414 795 3514 apographi
814 3429 930 3490 auctor
946 3421 1160 3505 correxisset,
1183 3445 1267 3492 non-

414 3607 448 3677 *)
475 3607 654 3687 supplement
671 3631 723 3666 aux
741 3609 880 3668 dernieres
899 3612 1015 3670 editions
1034 3596 1082 3670 cles
1102 3615 1184 3693 petits
1198 3614 1267 3671 Geo-

362 3700 522 3781 graphas-p.
535 3723 597 3761 xvu
616 3714 643 3760 et
659 3707 711 3760 291
732 3725 791 3782 sqq.
