3067 4575
685 579 706 642 5

245 787 324 871 ρίαν
343 782 366 865 ἡ
388 780 472 864 λέξις
494 789 658 870 ἐμμέτρως
674 785 806 874 πλέκη.“
840 785 966 851 Accidit
979 786 1146 852 Letronno

245 911 423 995 ceterisque
457 908 660 994 Periegesios
696 905 873 973 editoribus
908 908 995 993 quod
1029 912 1145 996 passim

242 1031 419 1120 philologis
442 1029 587 1095 accidere
609 1026 728 1103 videas,
750 1040 794 1106 nt
818 1028 891 1093 dum
913 1032 1086 1097 maioribus
1103 1044 1147 1096 at-

243 1154 380 1219 tendunt
408 1156 558 1229 animuin,
592 1172 689 1238 saepe
723 1172 767 1214 ne
796 1172 832 1215 ea
861 1151 987 1237 quidem
1018 1166 1148 1219 cernant

243 1299 326 1363 qnae
354 1288 429 1340 ante
457 1275 558 1362 pedes
586 1277 692 1360 posito
719 1284 802 1337 sunt.
853 1274 944 1339 Nihil
970 1276 1003 1339 in
1027 1274 1146 1340 codicis

243 1399 384 1464 lectione
408 1406 457 1462 est
478 1396 565 1482 quod
580 1417 646 1460 non
665 1398 837 1461 rectissime
855 1395 971 1461 dictum
987 1400 1035 1476 sit
1050 1396 1147 1463 modo

243 1522 344 1609 πλοκῇ
371 1519 526 1585 scribatur
553 1540 615 1605 pro
643 1520 750 1609 πλέκῃ.
803 1518 913 1583 Simile
940 1520 1016 1606 quid
1037 1524 1071 1585 in
1101 1542 1148 1585 se-

245 1645 354 1728 quenti
381 1663 476 1707 versn
498 1644 665 1708 Letronno
695 1664 754 1707 oso
777 1645 879 1721 venit,
907 1645 1028 1729 inquo
1053 1666 1148 1730 quoni

245 1764 348 1829 codex
375 1764 493 1829 habeat
520 1770 641 1841 ἐκεῖνος
668 1767 729 1849 μὲν
751 1754 824 1842 οὖν,
854 1764 909 1829 illc
939 1770 1060 1843 ἐκεῖνος
1089 1756 1148 1832 οὖν

243 1910 344 1975 quam,
368 1889 456 1975 quod
479 1886 661 1953 facillimum
684 1900 760 1966 erat,
783 1894 889 1964 κεῖνος
910 1890 970 1972 μὲν
992 1880 1052 1954 οὖν
1074 1892 1147 1953 scri-

243 2010 321 2077 bere
342 2011 464 2087 maloit3
491 2032 599 2097 neque
620 2033 688 2076 eam
711 2011 847 2075 formam
870 2009 993 2076 abusu
1016 2015 1147 2099 scripto-

242 2138 287 2199 ris
311 2138 413 2200 nostri
436 2134 571 2199 alienam
601 2155 679 2225 esse⁴
695 2133 793 2199 docet
814 2154 861 2197 vs.
878 2136 943 2199 652
965 2129 1050 2201 κατὰ
1072 2131 1148 2211 τοὺς

243 2258 439 2342 λεγομένους
460 2267 546 2323 κεῖσο
569 2256 732 2345 Νηρῄδων
750 2252 879 2348 χορούς.
1001 2353 1008 2364 ·

543 2554 546 2560 Ι
597 2469 653 2534 Vs.
677 2471 720 2535 50
743 2493 791 2556 sq.

285 2617 368 2708 Ἐγώ
391 2620 421 2691 δ’
442 2620 569 2690 ἁκούων
590 2621 674 2691 διότι
695 2629 760 2692 τῶν
782 2628 842 2711 μὲν
863 2627 1025 2710 βασιλέων

289 2741 392 2830 μόνος
413 2742 587 2828 βασιλικὴν
606 2745 816 2834 χρηστότητα
839 2753 1042 2838 προσφέροις.

244 2872 322 2936 Non
345 2867 443 2934 credo
466 2869 519 2932 hic
539 2880 626 2934 recte
649 2869 764 2936 dictum
789 2893 859 2936 esse
882 2872 947 2934 τῶν
968 2873 1028 2954 μὲν
1049 2871 1147 2952 βασι·

244 2994 335 3073 λέων,
357 2991 470 3078 quibus
491 2991 597 3056 verbis
619 3013 687 3057 non
702 2993 800 3058 video
823 2992 899 3078 quid
921 2990 1008 3057 aliud
1024 2995 1147 3078 opponi

244 3120 347 3203 possit
368 3135 460 3200 quam
484 3137 512 3179 e.
536 3137 562 3178 c.
592 3116 658 3178 τῶν
686 3113 721 3176 δὲ
741 3115 878 3178 ἰδιωτῶν
904 3110 951 3179 οὕ.
1007 3115 1045 3181 Id
1067 3136 1145 3179 vero

245 3261 340 3325 quum
365 3240 510 3323 ineptum
543 3240 598 3315 sit,
632 3245 775 3323 apertum
804 3257 874 3302 csse
903 3237 1041 3304 arbitror
1069 3239 1147 3324 Scy-

245 3383 350 3427 mnum
375 3364 540 3447 scripsisse
561 3361 628 3426 τῶν
649 3360 709 3424 νῦν
730 3359 902 3443 βασιλέων.
1226 3333 1229 3340 ¹

572 3574 627 3636 Vs.
651 3575 693 3638 61
712 3609 752 3622 -
770 3573 822 3638 63.

296 3717 343 3793 ot
364 3722 405 3807 δὴ
427 3722 545 3813 σχεδὸν
566 3724 710 3811 μάλιστα
731 3731 788 3792 καὶ
810 3733 1021 3811 πεπεισμένος
