<?xml version="1.0" encoding="UTF-8"?>
<!DOCTYPE html PUBLIC "-//W3C//DTD XHTML 1.0 Transitional//EN"
    "http://www.w3.org/TR/xhtml1/DTD/xhtml1-transitional.dtd">
<html xmlns="http://www.w3.org/1999/xhtml" xml:lang="en" lang="en">
 <head>
  <title>
</title>
<meta http-equiv="Content-Type" content="text/html;charset=utf-8" />
  <meta name='ocr-system' content='tesseract 3.04.00' />
  <meta name='ocr-capabilities' content='ocr_page ocr_carea ocr_par ocr_line ocrx_word'/>
</head>
<body>
  <div class='ocr_page' id='page_1' title='image "./scymnichiiperie00callgoog_0099.png"; bbox 0 0 3067 4575; ppageno 0'>
   <div class='ocr_carea' id='block_1_1' title="bbox 645 545 798 650">
    <p class='ocr_par' dir='ltr' id='par_1_1' title="bbox 645 545 798 650">
     <span class='ocr_line' id='line_1_1' title="bbox 645 545 798 650; baseline 0 -32"><span class='ocrx_word' id='word_1_1' title='bbox 645 545 798 650; x_wconf 47' lang='grc' dir='ltr'><strong><em>-ε-ε-</em></strong></span> 
     </span>
    </p>
   </div>
   <div class='ocr_carea' id='block_1_2' title="bbox 270 755 1172 845">
    <p class='ocr_par' dir='ltr' id='par_1_2' title="bbox 270 755 1172 845">
     <span class='ocr_line' id='line_1_2' title="bbox 270 755 1172 845; baseline -0.002 -19"><span class='ocrx_word' id='word_1_2' title='bbox 270 769 319 826; x_wconf 86' lang='lat' dir='ltr'><strong>est</strong></span> <span class='ocrx_word' id='word_1_3' title='bbox 347 781 384 826; x_wconf 87' lang='lat' dir='ltr'><strong>ex</strong></span> <span class='ocrx_word' id='word_1_4' title='bbox 406 757 516 824; x_wconf 81' lang='lat' dir='ltr'><em>EICI.</em></span> <span class='ocrx_word' id='word_1_5' title='bbox 567 757 677 845; x_wconf 80' lang='lat' dir='ltr'><strong>ltaque</strong></span> <span class='ocrx_word' id='word_1_6' title='bbox 706 755 938 824; x_wconf 87' lang='grc' dir='ltr'><strong><em>ΤΟΠΕΡΛΝ</em></strong></span> <span class='ocrx_word' id='word_1_7' title='bbox 961 779 1000 823; x_wconf 82' lang='lat' dir='ltr'><strong>ex</strong></span> <span class='ocrx_word' id='word_1_8' title='bbox 1027 755 1172 824; x_wconf 78' lang='grc' dir='ltr'><em>ΕΟΠΕ-</em></span> 
     </span>
    </p>
   </div>
   <div class='ocr_carea' id='block_1_3' title="bbox 269 879 1173 1458">
    <p class='ocr_par' dir='ltr' id='par_1_3' title="bbox 269 879 1172 1092">
     <span class='ocr_line' id='line_1_3' title="bbox 271 879 1172 968; baseline -0.002 -20"><span class='ocrx_word' id='word_1_9' title='bbox 271 883 374 948; x_wconf 90' lang='grc' dir='ltr'><strong>ΡΛΝ</strong></span> <span class='ocrx_word' id='word_1_10' title='bbox 391 891 573 968; x_wconf 81' lang='lat' dir='ltr'><strong>corruptum</strong></span> <span class='ocrx_word' id='word_1_11' title='bbox 596 879 740 959; x_wconf 82' lang='lat' dir='ltr'>arbitror,</span> <span class='ocrx_word' id='word_1_12' title='bbox 762 881 957 967; x_wconf 82' lang='lat' dir='ltr'><strong>Dionysium</strong></span> <span class='ocrx_word' id='word_1_13' title='bbox 978 891 1083 948; x_wconf 81' lang='lat' dir='ltr'><strong>autem</strong></span> <span class='ocrx_word' id='word_1_14' title='bbox 1097 884 1172 946; x_wconf 84' lang='lat' dir='ltr'><strong>seri-</strong></span> 
     </span>
     <span class='ocr_line' id='line_1_4' title="bbox 269 1008 383 1092; baseline -0.009 -22"><span class='ocrx_word' id='word_1_15' title='bbox 269 1008 383 1092; x_wconf 86' lang='lat' dir='ltr'><strong>psisse:</strong></span> 
     </span>
    </p>

    <p class='ocr_par' dir='ltr' id='par_1_4' title="bbox 269 1121 1173 1458">
     <span class='ocr_line' id='line_1_5' title="bbox 312 1121 1035 1216; baseline -0.006 -22"><span class='ocrx_word' id='word_1_16' title='bbox 312 1121 395 1216; x_wconf 82' lang='grc' dir='ltr'><strong>πρός</strong></span> <span class='ocrx_word' id='word_1_17' title='bbox 416 1129 557 1212; x_wconf 76' lang='grc' dir='ltr'><strong><em>ἑσπέραν</em></strong></span> <span class='ocrx_word' id='word_1_18' title='bbox 579 1121 610 1190; x_wconf 79' lang='grc' dir='ltr'><strong>δ’</strong></span> <span class='ocrx_word' id='word_1_19' title='bbox 629 1125 755 1191; x_wconf 83' lang='grc' dir='ltr'><strong><em>οἰκοῦσι</em></strong></span> <span class='ocrx_word' id='word_1_20' title='bbox 776 1127 836 1206; x_wconf 81' lang='grc' dir='ltr'><strong>τῆς</strong></span> <span class='ocrx_word' id='word_1_21' title='bbox 857 1126 1035 1203; x_wconf 87' lang='grc' dir='ltr'><strong><em>Αἰτωλίας,</em></strong></span> 
     </span>
     <span class='ocr_line' id='line_1_6' title="bbox 269 1237 1173 1338; baseline -0.006 -22"><span class='ocrx_word' id='word_1_22' title='bbox 269 1247 533 1338; x_wconf 80' lang='lat' dir='ltr'><strong>quemadmodum</strong></span> <span class='ocrx_word' id='word_1_23' title='bbox 554 1270 601 1314; x_wconf 85' lang='lat' dir='ltr'><strong>vs.</strong></span> <span class='ocrx_word' id='word_1_24' title='bbox 619 1249 661 1314; x_wconf 79' lang='lat'><strong>70</strong></span> <span class='ocrx_word' id='word_1_25' title='bbox 676 1248 716 1314; x_wconf 91' lang='lat' dir='ltr'><strong>de</strong></span> <span class='ocrx_word' id='word_1_26' title='bbox 731 1249 844 1314; x_wconf 80' lang='lat' dir='ltr'><strong>Locris</strong></span> <span class='ocrx_word' id='word_1_27' title='bbox 860 1248 976 1314; x_wconf 84' lang='lat' dir='ltr'><strong>dicitnr</strong></span> <span class='ocrx_word' id='word_1_28' title='bbox 989 1237 1082 1314; x_wconf 80' lang='grc' dir='ltr'><strong><em>οὗτοι</em></strong></span> <span class='ocrx_word' id='word_1_29' title='bbox 1094 1268 1173 1312; x_wconf 90' lang='grc' dir='ltr'><strong><em>κατ-</em></strong></span> 
     </span>
     <span class='ocr_line' id='line_1_7' title="bbox 270 1365 1006 1458; baseline -0.004 -21"><span class='ocrx_word' id='word_1_30' title='bbox 270 1373 417 1440; x_wconf 85' lang='grc' dir='ltr'><strong><em>οικοῦσιν</em></strong></span> <span class='ocrx_word' id='word_1_31' title='bbox 438 1371 472 1437; x_wconf 79' lang='grc' dir='ltr'><strong>δὲ</strong></span> <span class='ocrx_word' id='word_1_32' title='bbox 493 1365 578 1458; x_wconf 81' lang='grc' dir='ltr'><strong><em>πρὸς</em></strong></span> <span class='ocrx_word' id='word_1_33' title='bbox 597 1372 809 1457; x_wconf 77' lang='grc' dir='ltr'><em>μεσημβρίαν</em></span> <span class='ocrx_word' id='word_1_34' title='bbox 829 1371 1006 1448; x_wconf 84' lang='grc' dir='ltr'><strong><em>Αἰτωλίας.</em></strong></span> 
     </span>
    </p>
   </div>
   <div class='ocr_carea' id='block_1_4' title="bbox 654 1555 789 1650">
    <p class='ocr_par' dir='ltr' id='par_1_5' title="bbox 654 1555 789 1650">
     <span class='ocr_line' id='line_1_8' title="bbox 654 1555 789 1650; baseline 0.037 -7"><span class='ocrx_word' id='word_1_35' title='bbox 654 1584 711 1647; x_wconf 87' lang='lat' dir='ltr'><strong>Vs.</strong></span> <span class='ocrx_word' id='word_1_36' title='bbox 736 1555 789 1650; x_wconf 59' lang='lat'><strong>72}</strong></span> 
     </span>
    </p>
   </div>
   <div class='ocr_carea' id='block_1_5' title="bbox 269 1731 1222 2442">
    <p class='ocr_par' dir='ltr' id='par_1_6' title="bbox 269 1731 1222 2442">
     <span class='ocr_line' id='line_1_9' title="bbox 309 1731 1036 1831; baseline 0 -27"><span class='ocrx_word' id='word_1_37' title='bbox 309 1731 441 1806; x_wconf 77' lang='grc' dir='ltr'><strong><em>Ἔπειτα</em></strong></span> <span class='ocrx_word' id='word_1_38' title='bbox 467 1741 592 1818; x_wconf 86' lang='grc' dir='ltr'><strong><em>Φωκεῖς</em></strong></span> <span class='ocrx_word' id='word_1_39' title='bbox 613 1745 649 1805; x_wconf 82' lang='grc' dir='ltr'><strong>ἑκ</strong></span> <span class='ocrx_word' id='word_1_40' title='bbox 671 1741 828 1824; x_wconf 81' lang='grc' dir='ltr'><strong><em>Λελέγων</em></strong></span> <span class='ocrx_word' id='word_1_41' title='bbox 849 1736 1036 1831; x_wconf 78' lang='grc' dir='ltr'><strong><em>φερόμενοι.</em></strong></span> 
     </span>
     <span class='ocr_line' id='line_1_10' title="bbox 269 1859 1174 1950; baseline 0 -24"><span class='ocrx_word' id='word_1_42' title='bbox 269 1863 328 1926; x_wconf 87' lang='lat' dir='ltr'><strong>His</strong></span> <span class='ocrx_word' id='word_1_43' title='bbox 350 1860 457 1928; x_wconf 84' lang='lat' dir='ltr'><strong>verbis</strong></span> <span class='ocrx_word' id='word_1_44' title='bbox 484 1865 623 1950; x_wconf 80' lang='lat' dir='ltr'><strong>scriptor</strong></span> <span class='ocrx_word' id='word_1_45' title='bbox 650 1866 818 1928; x_wconf 80' lang='lat' dir='ltr'><strong>transitum</strong></span> <span class='ocrx_word' id='word_1_46' title='bbox 846 1886 865 1928; x_wconf 82' lang='lat' dir='ltr'>a</span> <span class='ocrx_word' id='word_1_47' title='bbox 887 1864 1001 1928; x_wconf 86' lang='lat' dir='ltr'><strong>Locris</strong></span> <span class='ocrx_word' id='word_1_48' title='bbox 1027 1859 1068 1926; x_wconf 76' lang='lat' dir='ltr'><strong>eil</strong></span> <span class='ocrx_word' id='word_1_49' title='bbox 1090 1859 1174 1926; x_wconf 85' lang='lat' dir='ltr'><strong>Pho-</strong></span> 
     </span>
     <span class='ocr_line' id='line_1_11' title="bbox 270 1982 1222 2074; baseline 0 -24"><span class='ocrx_word' id='word_1_50' title='bbox 270 2007 383 2051; x_wconf 78' lang='lat' dir='ltr'><strong>censes</strong></span> <span class='ocrx_word' id='word_1_51' title='bbox 404 1996 504 2074; x_wconf 82' lang='lat' dir='ltr'><strong>parnt.</strong></span> <span class='ocrx_word' id='word_1_52' title='bbox 548 1987 668 2053; x_wconf 82' lang='lat' dir='ltr'><strong>Versni</strong></span> <span class='ocrx_word' id='word_1_53' title='bbox 691 1997 726 2052; x_wconf 87' lang='lat' dir='ltr'><strong>ut</strong></span> <span class='ocrx_word' id='word_1_54' title='bbox 749 1985 932 2051; x_wconf 80' lang='lat' dir='ltr'><strong>consuleret</strong></span> <span class='ocrx_word' id='word_1_55' title='bbox 953 1982 1173 2062; x_wconf 74' lang='lat' dir='ltr'><strong>casaubonus,</strong></span> <span class='ocrx_word' id='word_1_56' title='bbox 1212 2014 1222 2034; x_wconf 50' lang='grc' dir='ltr'><em>ι</em></span> 
     </span>
     <span class='ocr_line' id='line_1_12' title="bbox 270 2107 1173 2198; baseline -0.002 -24"><span class='ocrx_word' id='word_1_57' title='bbox 270 2107 312 2174; x_wconf 88' lang='lat' dir='ltr'><strong>de</strong></span> <span class='ocrx_word' id='word_1_58' title='bbox 340 2129 437 2176; x_wconf 83' lang='lat' dir='ltr'><strong>sensu</strong></span> <span class='ocrx_word' id='word_1_59' title='bbox 459 2119 493 2176; x_wconf 81' lang='lat' dir='ltr'><strong>et</strong></span> <span class='ocrx_word' id='word_1_60' title='bbox 513 2112 715 2198; x_wconf 75' lang='lat' dir='ltr'><strong>grammatica</strong></span> <span class='ocrx_word' id='word_1_61' title='bbox 742 2131 889 2189; x_wconf 81' lang='lat' dir='ltr'><strong>securus,</strong></span> <span class='ocrx_word' id='word_1_62' title='bbox 917 2111 995 2197; x_wconf 81' lang='grc' dir='ltr'><strong><em>πρίν</em></strong></span> <span class='ocrx_word' id='word_1_63' title='bbox 1017 2117 1092 2172; x_wconf 81' lang='lat' dir='ltr'><strong>ante</strong></span> <span class='ocrx_word' id='word_1_64' title='bbox 1113 2127 1173 2194; x_wconf 84' lang='grc' dir='ltr'><strong><em>φε-</em></strong></span> 
     </span>
     <span class='ocr_line' id='line_1_13' title="bbox 270 2227 1172 2319; baseline -0.002 -22"><span class='ocrx_word' id='word_1_65' title='bbox 270 2227 405 2319; x_wconf 81' lang='grc' dir='ltr'><strong><em>ρόμενον</em></strong></span> <span class='ocrx_word' id='word_1_66' title='bbox 431 2232 624 2299; x_wconf 67' lang='lat' dir='ltr'><strong>inserebat.¹</strong></span> <span class='ocrx_word' id='word_1_67' title='bbox 656 2232 718 2299; x_wconf 86' lang='lat' dir='ltr'><strong>Pro</strong></span> <span class='ocrx_word' id='word_1_68' title='bbox 745 2233 918 2317; x_wconf 84' lang='grc' dir='ltr'><strong><em>Λελέγων,</em></strong></span> <span class='ocrx_word' id='word_1_69' title='bbox 945 2253 1031 2319; x_wconf 80' lang='lat' dir='ltr'><strong>quae</strong></span> <span class='ocrx_word' id='word_1_70' title='bbox 1055 2240 1105 2297; x_wconf 86' lang='lat' dir='ltr'><strong>est</strong></span> <span class='ocrx_word' id='word_1_71' title='bbox 1131 2229 1172 2296; x_wconf 91' lang='grc' dir='ltr'><strong>Η.</strong></span> 
     </span>
     <span class='ocr_line' id='line_1_14' title="bbox 270 2353 1174 2442; baseline 0.002 -23"><span class='ocrx_word' id='word_1_72' title='bbox 270 2353 425 2441; x_wconf 82' lang='lat' dir='ltr'><strong>Stephani</strong></span> <span class='ocrx_word' id='word_1_73' title='bbox 448 2360 641 2435; x_wconf 79' lang='lat' dir='ltr'><strong>coniectura,</strong></span> <span class='ocrx_word' id='word_1_74' title='bbox 666 2358 699 2420; x_wconf 93' lang='lat' dir='ltr'><strong>in</strong></span> <span class='ocrx_word' id='word_1_75' title='bbox 723 2354 835 2420; x_wconf 85' lang='lat' dir='ltr'><strong>codiee</strong></span> <span class='ocrx_word' id='word_1_76' title='bbox 858 2366 908 2421; x_wconf 83' lang='lat' dir='ltr'><strong>est</strong></span> <span class='ocrx_word' id='word_1_77' title='bbox 928 2356 1045 2442; x_wconf 76' lang='grc' dir='ltr'><strong><em>λογων.</em></strong></span> <span class='ocrx_word' id='word_1_78' title='bbox 1089 2355 1174 2421; x_wconf 83' lang='lat' dir='ltr'><strong>Hine</strong></span> 
     </span>
    </p>
   </div>
   <div class='ocr_carea' id='block_1_6' title="bbox 133 2472 1175 2567">
    <p class='ocr_par' dir='ltr' id='par_1_7' title="bbox 133 2472 1175 2567">
     <span class='ocr_line' id='line_1_15' title="bbox 133 2472 1175 2567; baseline 0.002 -26"><span class='ocrx_word' id='word_1_79' title='bbox 133 2472 134 2477; x_wconf 62' lang='grc'>’</span> <span class='ocrx_word' id='word_1_80' title='bbox 270 2478 453 2543; x_wconf 85' lang='lat' dir='ltr'><strong>Letronnus</strong></span> <span class='ocrx_word' id='word_1_81' title='bbox 477 2476 577 2543; x_wconf 87' lang='lat' dir='ltr'><strong>edidit</strong></span> <span class='ocrx_word' id='word_1_82' title='bbox 598 2482 634 2543; x_wconf 83' lang='grc' dir='ltr'><strong>ἰκ</strong></span> <span class='ocrx_word' id='word_1_83' title='bbox 649 2479 771 2561; x_wconf 80' lang='grc' dir='ltr'><strong><em>λογίων</em></strong></span> <span class='ocrx_word' id='word_1_84' title='bbox 783 2480 863 2565; x_wconf 79' lang='grc' dir='ltr'><strong><em>πρὶν</em></strong></span> <span class='ocrx_word' id='word_1_85' title='bbox 877 2472 1062 2567; x_wconf 86' lang='grc' dir='ltr'><strong><em>φερόμενοι,</em></strong></span> <span class='ocrx_word' id='word_1_86' title='bbox 1085 2476 1175 2565; x_wconf 85' lang='lat' dir='ltr'><strong>qnod</strong></span> 
     </span>
    </p>
   </div>
   <div class='ocr_carea' id='block_1_7' title="bbox 270 2600 1176 3303">
    <p class='ocr_par' dir='ltr' id='par_1_8' title="bbox 270 2600 1176 3303">
     <span class='ocr_line' id='line_1_16' title="bbox 270 2600 1175 2687; baseline 0.003 -24"><span class='ocrx_word' id='word_1_87' title='bbox 270 2602 380 2667; x_wconf 78' lang='lat' dir='ltr'><strong>vertit:</strong></span> <span class='ocrx_word' id='word_1_88' title='bbox 402 2601 491 2665; x_wconf 83' lang='lat' dir='ltr'><strong>indie</strong></span> <span class='ocrx_word' id='word_1_89' title='bbox 512 2600 644 2665; x_wconf 83' lang='grc' dir='ltr'><strong><em>οωεοίε</em></strong></span> <span class='ocrx_word' id='word_1_90' title='bbox 665 2624 704 2675; x_wconf 73' lang='grc' dir='ltr'><strong><em>εκ</em></strong></span> <span class='ocrx_word' id='word_1_91' title='bbox 722 2624 777 2666; x_wconf 85' lang='lat' dir='ltr'><strong>ees</strong></span> <span class='ocrx_word' id='word_1_92' title='bbox 790 2602 882 2669; x_wconf 69' lang='lat' dir='ltr'><strong>lim</strong></span> <span class='ocrx_word' id='word_1_93' title='bbox 892 2624 960 2687; x_wconf 76' lang='lat' dir='ltr'><strong>par</strong></span> <span class='ocrx_word' id='word_1_94' title='bbox 971 2600 1094 2666; x_wconf 72' lang='lat' dir='ltr'><strong>Fnrdre</strong></span> <span class='ocrx_word' id='word_1_95' title='bbox 1107 2600 1175 2666; x_wconf 76' lang='lat' dir='ltr'><strong>d’o·</strong></span> 
     </span>
     <span class='ocr_line' id='line_1_17' title="bbox 270 2721 1173 2813; baseline -0.002 -24"><span class='ocrx_word' id='word_1_96' title='bbox 270 2724 369 2789; x_wconf 76' lang='lat' dir='ltr'><strong>raele&#39;.</strong></span> <span class='ocrx_word' id='word_1_97' title='bbox 403 2724 456 2789; x_wconf 89' lang='lat' dir='ltr'><strong>Ne</strong></span> <span class='ocrx_word' id='word_1_98' title='bbox 472 2721 506 2789; x_wconf 89' lang='lat' dir='ltr'><strong>id</strong></span> <span class='ocrx_word' id='word_1_99' title='bbox 528 2722 655 2808; x_wconf 88' lang='lat' dir='ltr'><strong>quidem</strong></span> <span class='ocrx_word' id='word_1_100' title='bbox 673 2724 896 2813; x_wconf 77' lang='lat' dir='ltr'><strong>grammaticae</strong></span> <span class='ocrx_word' id='word_1_101' title='bbox 911 2733 1173 2797; x_wconf 70' lang='lat' dir='ltr'><strong>consentaneum</strong></span> 
     </span>
     <span class='ocr_line' id='line_1_18' title="bbox 270 2843 1174 2934; baseline -0.003 -22"><span class='ocrx_word' id='word_1_102' title='bbox 270 2868 333 2913; x_wconf 85' lang='lat' dir='ltr'><strong>nen</strong></span> <span class='ocrx_word' id='word_1_103' title='bbox 345 2845 387 2912; x_wconf 83' lang='lat' dir='ltr'><strong>de</strong></span> <span class='ocrx_word' id='word_1_104' title='bbox 402 2845 460 2911; x_wconf 86' lang='lat' dir='ltr'><strong>illo</strong></span> <span class='ocrx_word' id='word_1_105' title='bbox 476 2843 695 2912; x_wconf 79' lang='lat' dir='ltr'><strong>oraculi-iussu</strong></span> <span class='ocrx_word' id='word_1_106' title='bbox 706 2847 878 2934; x_wconf 66' lang='lat' dir='ltr'><strong>quidq‘unm</strong></span> <span class='ocrx_word' id='word_1_107' title='bbox 893 2843 933 2910; x_wconf 83' lang='lat' dir='ltr'><strong>ab</strong></span> <span class='ocrx_word' id='word_1_108' title='bbox 944 2843 1174 2909; x_wconf 77' lang='lat' dir='ltr'><strong>aliistraditum</strong></span> 
     </span>
     <span class='ocr_line' id='line_1_19' title="bbox 272 2965 1176 3058; baseline -0.006 -21"><span class='ocrx_word' id='word_1_109' title='bbox 272 2980 329 3037; x_wconf 82' lang='lat' dir='ltr'><strong>esi.</strong></span> <span class='ocrx_word' id='word_1_110' title='bbox 360 2971 468 3058; x_wconf 84' lang='lat' dir='ltr'><strong>Prope</strong></span> <span class='ocrx_word' id='word_1_111' title='bbox 482 2992 500 3033; x_wconf 86' lang='grc' dir='ltr'><strong><em>ε</em></strong></span> <span class='ocrx_word' id='word_1_112' title='bbox 515 2989 595 3034; x_wconf 86' lang='lat' dir='ltr'><strong>vero</strong></span> <span class='ocrx_word' id='word_1_113' title='bbox 610 2967 713 3035; x_wconf 72' lang='lat' dir='ltr'><strong>abluit</strong></span> <span class='ocrx_word' id='word_1_114' title='bbox 729 2968 894 3048; x_wconf 87' lang='lat' dir='ltr'><strong>Krebsius,</strong></span> <span class='ocrx_word' id='word_1_115' title='bbox 916 2970 971 3055; x_wconf 88' lang='lat' dir='ltr'><strong>qui</strong></span> <span class='ocrx_word' id='word_1_116' title='bbox 985 2965 1176 3033; x_wconf 80' lang='lat' dir='ltr'><strong>eoniieiebat</strong></span> 
     </span>
     <span class='ocr_line' id='line_1_20' title="bbox 275 3087 1176 3177; baseline -0.002 -18"><span class='ocrx_word' id='word_1_117' title='bbox 275 3092 400 3170; x_wconf 81' lang='grc' dir='ltr'><strong><em>Φωκεῖς</em></strong></span> <span class='ocrx_word' id='word_1_118' title='bbox 427 3093 490 3159; x_wconf 85' lang='grc' dir='ltr'><strong><em>εἰσί</em></strong></span> <span class='ocrx_word' id='word_1_119' title='bbox 516 3092 675 3175; x_wconf 80' lang='grc' dir='ltr'><strong><em>Λελέγων</em></strong></span> <span class='ocrx_word' id='word_1_120' title='bbox 703 3087 869 3177; x_wconf 77' lang='grc' dir='ltr'><strong><em>ἐχόμενοι,</em></strong></span> <span class='ocrx_word' id='word_1_121' title='bbox 897 3092 932 3155; x_wconf 90' lang='lat' dir='ltr'><strong>in</strong></span> <span class='ocrx_word' id='word_1_122' title='bbox 960 3110 1025 3177; x_wconf 87' lang='lat' dir='ltr'><strong>qun</strong></span> <span class='ocrx_word' id='word_1_123' title='bbox 1053 3092 1117 3159; x_wconf 86' lang='grc' dir='ltr'><strong><em>εἰσί</em></strong></span> <span class='ocrx_word' id='word_1_124' title='bbox 1143 3100 1176 3157; x_wconf 85' lang='lat' dir='ltr'><strong>et</strong></span> 
     </span>
     <span class='ocr_line' id='line_1_21' title="bbox 271 3210 1175 3303; baseline -0.001 -23"><span class='ocrx_word' id='word_1_125' title='bbox 271 3210 422 3300; x_wconf 75' lang='grc' dir='ltr'><strong><em>ἐχόμενοι</em></strong></span> <span class='ocrx_word' id='word_1_126' title='bbox 442 3216 649 3281; x_wconf 86' lang='lat' dir='ltr'><strong>verissimum.</strong></span> <span class='ocrx_word' id='word_1_127' title='bbox 687 3214 730 3281; x_wconf 76' lang='lat' dir='ltr'><strong>lt</strong></span> <span class='ocrx_word' id='word_1_128' title='bbox 744 3213 884 3303; x_wconf 81' lang='lat' dir='ltr'><strong>Leleges</strong></span> <span class='ocrx_word' id='word_1_129' title='bbox 904 3216 1100 3301; x_wconf 84' lang='lat' dir='ltr'><strong>ineptissime</strong></span> <span class='ocrx_word' id='word_1_130' title='bbox 1122 3212 1175 3279; x_wconf 85' lang='lat' dir='ltr'><strong>hic</strong></span> 
     </span>
    </p>
   </div>
   <div class='ocr_carea' id='block_1_8' title="bbox 271 3336 1176 3549">
    <p class='ocr_par' dir='ltr' id='par_1_9' title="bbox 271 3336 1176 3549">
     <span class='ocr_line' id='line_1_22' title="bbox 271 3336 1176 3425; baseline -0.002 -20"><span class='ocrx_word' id='word_1_131' title='bbox 271 3348 495 3417; x_wconf 80' lang='lat' dir='ltr'><strong>memorantur,</strong></span> <span class='ocrx_word' id='word_1_132' title='bbox 516 3358 579 3405; x_wconf 86' lang='lat' dir='ltr'><strong>nee</strong></span> <span class='ocrx_word' id='word_1_133' title='bbox 601 3336 732 3407; x_wconf 88' lang='lat' dir='ltr'><strong>dubium</strong></span> <span class='ocrx_word' id='word_1_134' title='bbox 751 3347 803 3403; x_wconf 84' lang='lat' dir='ltr'><strong>est</strong></span> <span class='ocrx_word' id='word_1_135' title='bbox 815 3339 893 3425; x_wconf 89' lang='lat' dir='ltr'><strong>quin</strong></span> <span class='ocrx_word' id='word_1_136' title='bbox 906 3336 1087 3425; x_wconf 82' lang='lat' dir='ltr'><strong>Dionysius</strong></span> <span class='ocrx_word' id='word_1_137' title='bbox 1100 3338 1176 3403; x_wconf 84' lang='lat' dir='ltr'><strong>scri·</strong></span> 
     </span>
     <span class='ocr_line' id='line_1_23' title="bbox 271 3455 1082 3549; baseline -0.001 -23"><span class='ocrx_word' id='word_1_138' title='bbox 271 3464 371 3547; x_wconf 82' lang='lat' dir='ltr'><strong>pserit</strong></span> <span class='ocrx_word' id='word_1_139' title='bbox 392 3461 503 3527; x_wconf 71' lang='lat' dir='ltr'><strong>insita</strong></span> <span class='ocrx_word' id='word_1_140' title='bbox 528 3460 654 3538; x_wconf 79' lang='grc' dir='ltr'><strong><em>Φωκεῖς</em></strong></span> <span class='ocrx_word' id='word_1_141' title='bbox 675 3464 738 3527; x_wconf 86' lang='grc' dir='ltr'><strong><em>εἰσι</em></strong></span> <span class='ocrx_word' id='word_1_142' title='bbox 757 3461 904 3549; x_wconf 74' lang='grc' dir='ltr'><strong><em>Λοκρῶν</em></strong></span> <span class='ocrx_word' id='word_1_143' title='bbox 924 3455 1082 3546; x_wconf 72' lang='grc' dir='ltr'><strong><em>ἐχόμενοι.</em></strong></span> 
     </span>
    </p>
   </div>
   <div class='ocr_carea' id='block_1_9' title="bbox 272 3616 1176 3789">
    <p class='ocr_par' dir='ltr' id='par_1_10' title="bbox 272 3616 1176 3789">
     <span class='ocr_line' id='line_1_24' title="bbox 272 3616 1176 3719; baseline 0.007 -32"><span class='ocrx_word' id='word_1_144' title='bbox 272 3634 344 3709; x_wconf 80' lang='lat' dir='ltr'><strong>gitur</strong></span> <span class='ocrx_word' id='word_1_145' title='bbox 366 3652 463 3690; x_wconf 87' lang='lat' dir='ltr'><strong>nomen</strong></span> <span class='ocrx_word' id='word_1_146' title='bbox 483 3616 673 3714; x_wconf 81' lang='lat' dir='ltr'><strong>inexplicabile</strong></span> <span class='ocrx_word' id='word_1_147' title='bbox 690 3638 881 3708; x_wconf 76' lang='grc' dir='ltr'><strong><em>ΛΛΤΙΜΟΟ,</em></strong></span> <span class='ocrx_word' id='word_1_148' title='bbox 905 3633 979 3714; x_wconf 77' lang='lat' dir='ltr'><strong>qued</strong></span> <span class='ocrx_word' id='word_1_149' title='bbox 996 3636 1176 3719; x_wconf 74' lang='grc' dir='ltr'><strong><em>ΛΛΤῙΜΟΟ</em></strong></span> 
     </span>
     <span class='ocr_line' id='line_1_25' title="bbox 272 3726 494 3789; baseline 0.009 -6"><span class='ocrx_word' id='word_1_150' title='bbox 272 3726 452 3789; x_wconf 73' lang='lat' dir='ltr'><strong>scribendum.</strong></span> <span class='ocrx_word' id='word_1_151' title='bbox 484 3760 494 3771; x_wconf 91' lang='lat'><strong>·-</strong></span> 
     </span>
    </p>
   </div>
   <div class='ocr_carea' id='block_1_10' title="bbox 0 0 1542 4575">
    <p class='ocr_par' dir='ltr' id='par_1_11' title="bbox 0 0 1542 4575">
     <span class='ocr_line' id='line_1_26' title="bbox 0 0 1542 4575; baseline 0 0"><span class='ocrx_word' id='word_1_152' title='bbox 0 0 1542 4575; x_wconf 95' lang='lat' dir='ltr'><strong> </strong></span> 
     </span>
    </p>
   </div>
  </div>
 </body>
</html>
