<?xml version="1.0" encoding="UTF-8"?>
<!DOCTYPE html PUBLIC "-//W3C//DTD XHTML 1.0 Transitional//EN"
    "http://www.w3.org/TR/xhtml1/DTD/xhtml1-transitional.dtd">
<html xmlns="http://www.w3.org/1999/xhtml" xml:lang="en" lang="en">
 <head>
  <title>
</title>
<meta http-equiv="Content-Type" content="text/html;charset=utf-8" />
  <meta name='ocr-system' content='tesseract 3.04.00' />
  <meta name='ocr-capabilities' content='ocr_page ocr_carea ocr_par ocr_line ocrx_word'/>
</head>
<body>
  <div class='ocr_page' id='page_1' title='image "./scymnichiiperie00callgoog_0013.png"; bbox 0 0 3067 4575; ppageno 0'>
   <div class='ocr_carea' id='block_1_1' title="bbox 457 1250 975 1344">
    <p class='ocr_par' dir='ltr' id='par_1_1' title="bbox 457 1250 975 1344">
     <span class='ocr_line' id='line_1_1' title="bbox 457 1250 975 1344; baseline -0.004 -2"><span class='ocrx_word' id='word_1_1' title='bbox 457 1250 975 1344; x_wconf 80' lang='lat' dir='ltr'><strong>PRAEFATIO.</strong></span> 
     </span>
    </p>
   </div>
   <div class='ocr_carea' id='block_1_2' title="bbox 640 1492 791 1499">
    <p class='ocr_par' dir='ltr' id='par_1_2' title="bbox 640 1492 791 1499">
     <span class='ocr_line' id='line_1_2' title="bbox 640 1492 791 1499; baseline 0.013 -2"><span class='ocrx_word' id='word_1_2' title='bbox 640 1492 791 1499; x_wconf 50' lang='lat' dir='ltr'><strong>—om</strong></span> 
     </span>
    </p>
   </div>
   <div class='ocr_carea' id='block_1_3' title="bbox 165 1636 1235 3779">
    <p class='ocr_par' dir='ltr' id='par_1_3' title="bbox 165 1636 1235 3779">
     <span class='ocr_line' id='line_1_3' title="bbox 261 1636 1169 1791; baseline 0 -24"><span class='ocrx_word' id='word_1_3' title='bbox 261 1636 492 1767; x_wconf 77' lang='lat' dir='ltr'><strong>Graecorum</strong></span> <span class='ocrx_word' id='word_1_4' title='bbox 522 1693 740 1789; x_wconf 83' lang='lat' dir='ltr'><strong>scriptorum,</strong></span> <span class='ocrx_word' id='word_1_5' title='bbox 774 1694 831 1791; x_wconf 90' lang='lat' dir='ltr'><strong>qui</strong></span> <span class='ocrx_word' id='word_1_6' title='bbox 856 1690 1088 1765; x_wconf 68' lang='lat' dir='ltr'><strong>histoniensium</strong></span> <span class='ocrx_word' id='word_1_7' title='bbox 1113 1691 1169 1767; x_wconf 77' lang='lat' dir='ltr'><strong>vot</strong></span> 
     </span>
     <span class='ocr_line' id='line_1_4' title="bbox 259 1822 1167 1923; baseline 0.002 -27"><span class='ocrx_word' id='word_1_8' title='bbox 259 1822 561 1921; x_wconf 81' lang='lat' dir='ltr'><strong>geographienrum</strong></span> <span class='ocrx_word' id='word_1_9' title='bbox 586 1849 698 1898; x_wconf 84' lang='lat' dir='ltr'><strong>rerum</strong></span> <span class='ocrx_word' id='word_1_10' title='bbox 731 1824 997 1923; x_wconf 79' lang='lat' dir='ltr'><strong>explanationem</strong></span> <span class='ocrx_word' id='word_1_11' title='bbox 1021 1824 1167 1899; x_wconf 81' lang='lat' dir='ltr'><strong>iambico</strong></span> 
     </span>
     <span class='ocr_line' id='line_1_5' title="bbox 260 1956 1168 2055; baseline 0 -26"><span class='ocrx_word' id='word_1_12' title='bbox 260 1958 407 2029; x_wconf 83' lang='lat' dir='ltr'>carmine</span> <span class='ocrx_word' id='word_1_13' title='bbox 432 1956 602 2054; x_wconf 83' lang='lat' dir='ltr'><strong>complexi</strong></span> <span class='ocrx_word' id='word_1_14' title='bbox 626 1969 720 2045; x_wconf 88' lang='lat' dir='ltr'><strong>sunt,</strong></span> <span class='ocrx_word' id='word_1_15' title='bbox 749 1958 894 2055; x_wconf 88' lang='lat' dir='ltr'><strong>primus,</strong></span> <span class='ocrx_word' id='word_1_16' title='bbox 924 1969 1083 2055; x_wconf 89' lang='lat' dir='ltr'><strong>quantum</strong></span> <span class='ocrx_word' id='word_1_17' title='bbox 1107 1957 1168 2031; x_wconf 92' lang='lat' dir='ltr'><strong>ho-</strong></span> 
     </span>
     <span class='ocr_line' id='line_1_6' title="bbox 165 2086 1167 2188; baseline 0.003 -28"><span class='ocrx_word' id='word_1_18' title='bbox 165 2118 168 2121; x_wconf 88' lang='lat'><strong>·</strong></span> <span class='ocrx_word' id='word_1_19' title='bbox 259 2088 316 2163; x_wconf 91' lang='lat' dir='ltr'><strong>die</strong></span> <span class='ocrx_word' id='word_1_20' title='bbox 341 2091 420 2163; x_wconf 86' lang='lat' dir='ltr'><strong>seiri</strong></span> <span class='ocrx_word' id='word_1_21' title='bbox 443 2101 574 2187; x_wconf 88' lang='lat' dir='ltr'><strong>potest,</strong></span> <span class='ocrx_word' id='word_1_22' title='bbox 599 2092 709 2163; x_wconf 84' lang='lat' dir='ltr'><strong>extitit</strong></span> <span class='ocrx_word' id='word_1_23' title='bbox 731 2086 959 2188; x_wconf 79' lang='lat' dir='ltr'><strong>Apollodorus</strong></span> <span class='ocrx_word' id='word_1_24' title='bbox 983 2086 1167 2166; x_wconf 84' lang='lat' dir='ltr'><strong>Athenien·</strong></span> 
     </span>
     <span class='ocr_line' id='line_1_7' title="bbox 259 2220 1166 2324; baseline 0.006 -30"><span class='ocrx_word' id='word_1_25' title='bbox 259 2224 317 2296; x_wconf 87' lang='lat' dir='ltr'><strong>sis.</strong></span> <span class='ocrx_word' id='word_1_26' title='bbox 352 2222 451 2296; x_wconf 89' lang='lat' dir='ltr'><strong>huius</strong></span> <span class='ocrx_word' id='word_1_27' title='bbox 475 2222 683 2320; x_wconf 81' lang='lat' dir='ltr'><strong>exemplum,</strong></span> <span class='ocrx_word' id='word_1_28' title='bbox 714 2234 752 2296; x_wconf 93' lang='lat' dir='ltr'><strong>ut</strong></span> <span class='ocrx_word' id='word_1_29' title='bbox 775 2225 849 2322; x_wconf 89' lang='lat' dir='ltr'><strong>ipse</strong></span> <span class='ocrx_word' id='word_1_30' title='bbox 874 2220 1011 2310; x_wconf 85' lang='lat' dir='ltr'><strong>fatetur,</strong></span> <span class='ocrx_word' id='word_1_31' title='bbox 1040 2247 1166 2324; x_wconf 84' lang='lat' dir='ltr'><strong>sequu-</strong></span> 
     </span>
     <span class='ocr_line' id='line_1_8' title="bbox 259 2351 1167 2455; baseline 0 -27"><span class='ocrx_word' id='word_1_32' title='bbox 259 2367 314 2428; x_wconf 86' lang='lat' dir='ltr'><strong>tus</strong></span> <span class='ocrx_word' id='word_1_33' title='bbox 340 2367 394 2428; x_wconf 86' lang='lat' dir='ltr'><strong>est</strong></span> <span class='ocrx_word' id='word_1_34' title='bbox 417 2353 587 2455; x_wconf 80' lang='lat' dir='ltr'><strong>Seymnus</strong></span> <span class='ocrx_word' id='word_1_35' title='bbox 612 2355 724 2444; x_wconf 80' lang='lat' dir='ltr'><strong>Chius,</strong></span> <span class='ocrx_word' id='word_1_36' title='bbox 747 2358 845 2430; x_wconf 85' lang='lat' dir='ltr'><strong>euius</strong></span> <span class='ocrx_word' id='word_1_37' title='bbox 869 2351 1065 2452; x_wconf 84' lang='lat' dir='ltr'><strong>Periegesin</strong></span> <span class='ocrx_word' id='word_1_38' title='bbox 1088 2367 1167 2454; x_wconf 88' lang='lat' dir='ltr'><strong>post</strong></span> 
     </span>
     <span class='ocr_line' id='line_1_9' title="bbox 259 2485 1166 2584; baseline 0.007 -24"><span class='ocrx_word' id='word_1_39' title='bbox 259 2487 466 2561; x_wconf 78' lang='lat' dir='ltr'><strong>utilissimam</strong></span> <span class='ocrx_word' id='word_1_40' title='bbox 488 2485 663 2576; x_wconf 65' lang='lat' dir='ltr'><strong>Lemoni,</strong></span> <span class='ocrx_word' id='word_1_41' title='bbox 694 2491 757 2562; x_wconf 86' lang='lat' dir='ltr'><strong>viri</strong></span> <span class='ocrx_word' id='word_1_42' title='bbox 783 2489 912 2574; x_wconf 84' lang='lat' dir='ltr'><strong>eximii,</strong></span> <span class='ocrx_word' id='word_1_43' title='bbox 941 2511 1079 2584; x_wconf 82' lang='lat' dir='ltr'><strong>opernm</strong></span> <span class='ocrx_word' id='word_1_44' title='bbox 1104 2487 1166 2566; x_wconf 80' lang='lat' dir='ltr'><strong>de·</strong></span> 
     </span>
     <span class='ocr_line' id='line_1_10' title="bbox 259 2617 1165 2718; baseline 0.002 -26"><span class='ocrx_word' id='word_1_45' title='bbox 259 2646 328 2692; x_wconf 90' lang='lat' dir='ltr'><strong>nno</strong></span> <span class='ocrx_word' id='word_1_46' title='bbox 361 2645 481 2718; x_wconf 69' lang='lat' dir='ltr'><strong>¹nuper</strong></span> <span class='ocrx_word' id='word_1_47' title='bbox 523 2619 629 2694; x_wconf 82' lang='lat' dir='ltr'><strong>edidit</strong></span> <span class='ocrx_word' id='word_1_48' title='bbox 662 2617 721 2694; x_wconf 86' lang='lat' dir='ltr'><strong>BF</strong></span> <span class='ocrx_word' id='word_1_49' title='bbox 722 2618 901 2696; x_wconf 50' lang='lat' dir='ltr'><strong>annicius(</strong></span> <span class='ocrx_word' id='word_1_50' title='bbox 929 2643 1007 2692; x_wconf 90' lang='lat' dir='ltr'><strong>eum</strong></span> <span class='ocrx_word' id='word_1_51' title='bbox 1043 2619 1165 2694; x_wconf 88' lang='lat' dir='ltr'><strong>librum</strong></span> 
     </span>
     <span class='ocr_line' id='line_1_11' title="bbox 259 2750 1166 2852; baseline 0.001 -27"><span class='ocrx_word' id='word_1_52' title='bbox 259 2780 363 2852; x_wconf 92' lang='lat' dir='ltr'><strong>quum</strong></span> <span class='ocrx_word' id='word_1_53' title='bbox 393 2751 506 2850; x_wconf 78' lang='lat' dir='ltr'><strong>posdlo</strong></span> <span class='ocrx_word' id='word_1_54' title='bbox 537 2755 722 2828; x_wconf 83' lang='lat' dir='ltr'><strong>aoourntius</strong></span> <span class='ocrx_word' id='word_1_55' title='bbox 756 2754 979 2851; x_wconf 73' lang='lat' dir='ltr'><strong>inspexissem</strong></span> <span class='ocrx_word' id='word_1_56' title='bbox 1012 2761 1047 2826; x_wconf 86' lang='lat' dir='ltr'><strong>et</strong></span> <span class='ocrx_word' id='word_1_57' title='bbox 1075 2750 1166 2826; x_wconf 76' lang='lat' dir='ltr'><strong>haud</strong></span> 
     </span>
     <span class='ocr_line' id='line_1_12' title="bbox 257 2881 1164 2984; baseline -0.004 -26"><span class='ocrx_word' id='word_1_58' title='bbox 257 2912 382 2984; x_wconf 85' lang='lat' dir='ltr'><strong>pouon,</strong></span> <span class='ocrx_word' id='word_1_59' title='bbox 413 2910 500 2984; x_wconf 78' lang='lat' dir='ltr'><strong>quae</strong></span> <span class='ocrx_word' id='word_1_60' title='bbox 524 2886 636 2960; x_wconf 77' lang='lat' dir='ltr'><strong>vitiata</strong></span> <span class='ocrx_word' id='word_1_61' title='bbox 661 2897 790 2973; x_wconf 86' lang='lat' dir='ltr'><strong>essent,</strong></span> <span class='ocrx_word' id='word_1_62' title='bbox 820 2911 840 2956; x_wconf 85' lang='lat' dir='ltr'><strong>n</strong></span> <span class='ocrx_word' id='word_1_63' title='bbox 863 2883 1068 2956; x_wconf 83' lang='lat' dir='ltr'><strong>doctissimis</strong></span> <span class='ocrx_word' id='word_1_64' title='bbox 1092 2881 1164 2956; x_wconf 52' lang='lat' dir='ltr'><strong>edi„</strong></span> 
     </span>
     <span class='ocr_line' id='line_1_13' title="bbox 259 3016 1165 3118; baseline -0.003 -27"><span class='ocrx_word' id='word_1_65' title='bbox 259 3020 389 3092; x_wconf 85' lang='lat' dir='ltr'><strong>toribus</strong></span> <span class='ocrx_word' id='word_1_66' title='bbox 420 3018 672 3118; x_wconf 82' lang='lat' dir='ltr'><strong>praetermissa,</strong></span> <span class='ocrx_word' id='word_1_67' title='bbox 707 3018 771 3091; x_wconf 72' lang='lat' dir='ltr'><strong>ela</strong></span> <span class='ocrx_word' id='word_1_68' title='bbox 799 3027 913 3090; x_wconf 81' lang='lat' dir='ltr'><strong>autem</strong></span> <span class='ocrx_word' id='word_1_69' title='bbox 949 3039 1017 3088; x_wconf 92' lang='lat' dir='ltr'><strong>non</strong></span> <span class='ocrx_word' id='word_1_70' title='bbox 1053 3016 1098 3090; x_wconf 68' lang='lat' dir='ltr'><strong>itt</strong></span> <span class='ocrx_word' id='word_1_71' title='bbox 1127 3026 1165 3088; x_wconf 89' lang='lat' dir='ltr'><strong>ut</strong></span> 
     </span>
     <span class='ocr_line' id='line_1_14' title="bbox 258 3147 1164 3235; baseline -0.009 -9"><span class='ocrx_word' id='word_1_72' title='bbox 258 3152 405 3226; x_wconf 79' lang='lat' dir='ltr'>decebat</span> <span class='ocrx_word' id='word_1_73' title='bbox 435 3151 659 3224; x_wconf 75' lang='lat' dir='ltr'><strong>administrata</strong></span> <span class='ocrx_word' id='word_1_74' title='bbox 690 3175 768 3222; x_wconf 91' lang='lat' dir='ltr'><strong>esse</strong></span> <span class='ocrx_word' id='word_1_75' title='bbox 796 3147 1052 3235; x_wconf 64' lang='lat' dir='ltr'><strong>intellexissem,</strong></span> <span class='ocrx_word' id='word_1_76' title='bbox 1082 3171 1164 3222; x_wconf 74' lang='lat' dir='ltr'><strong>een</strong></span> 
     </span>
     <span class='ocr_line' id='line_1_15' title="bbox 258 3280 1163 3359; baseline -0.004 -1"><span class='ocrx_word' id='word_1_77' title='bbox 258 3311 370 3358; x_wconf 84' lang='lat' dir='ltr'><strong>suram</strong></span> <span class='ocrx_word' id='word_1_78' title='bbox 402 3283 557 3357; x_wconf 79' lang='lat' dir='ltr'><strong>editionis</strong></span> <span class='ocrx_word' id='word_1_79' title='bbox 580 3281 798 3359; x_wconf 80' lang='lat' dir='ltr'><strong>Fabrieienne</strong></span> <span class='ocrx_word' id='word_1_80' title='bbox 823 3283 974 3356; x_wconf 81' lang='lat' dir='ltr'><strong>seribere</strong></span> <span class='ocrx_word' id='word_1_81' title='bbox 1000 3280 1163 3356; x_wconf 83' lang='lat' dir='ltr'><strong>deereve-</strong></span> 
     </span>
     <span class='ocr_line' id='line_1_16' title="bbox 257 3415 1163 3516; baseline 0.002 -30"><span class='ocrx_word' id='word_1_82' title='bbox 257 3443 345 3505; x_wconf 80' lang='lat' dir='ltr'><strong>rnm,</strong></span> <span class='ocrx_word' id='word_1_83' title='bbox 376 3443 441 3516; x_wconf 83' lang='lat' dir='ltr'><strong>quo</strong></span> <span class='ocrx_word' id='word_1_84' title='bbox 473 3429 508 3490; x_wconf 94' lang='lat' dir='ltr'><strong>et</strong></span> <span class='ocrx_word' id='word_1_85' title='bbox 530 3428 691 3514; x_wconf 77' lang='lat' dir='ltr'><strong>corrupta</strong></span> <span class='ocrx_word' id='word_1_86' title='bbox 715 3415 928 3490; x_wconf 81' lang='lat' dir='ltr'><strong>emendarem</strong></span> <span class='ocrx_word' id='word_1_87' title='bbox 959 3426 995 3491; x_wconf 84' lang='lat' dir='ltr'><strong>et</strong></span> <span class='ocrx_word' id='word_1_88' title='bbox 1023 3416 1052 3486; x_wconf 89' lang='lat' dir='ltr'><strong>si</strong></span> <span class='ocrx_word' id='word_1_89' title='bbox 1077 3437 1163 3512; x_wconf 80' lang='lat' dir='ltr'><strong>quae</strong></span> 
     </span>
     <span class='ocr_line' id='line_1_17' title="bbox 258 3549 1164 3646; baseline 0 -28"><span class='ocrx_word' id='word_1_90' title='bbox 258 3550 293 3618; x_wconf 93' lang='lat' dir='ltr'><strong>in</strong></span> <span class='ocrx_word' id='word_1_91' title='bbox 316 3551 419 3624; x_wconf 83' lang='lat' dir='ltr'><strong>rebus</strong></span> <span class='ocrx_word' id='word_1_92' title='bbox 445 3549 590 3622; x_wconf 85' lang='lat' dir='ltr'><strong>obsema</strong></span> <span class='ocrx_word' id='word_1_93' title='bbox 608 3561 722 3622; x_wconf 87' lang='lat' dir='ltr'><strong>essent</strong></span> <span class='ocrx_word' id='word_1_94' title='bbox 736 3549 946 3622; x_wconf 81' lang='lat' dir='ltr'><strong>illustrarem.</strong></span> <span class='ocrx_word' id='word_1_95' title='bbox 971 3549 1084 3646; x_wconf 81' lang='lat' dir='ltr'><strong>itaque</strong></span> <span class='ocrx_word' id='word_1_96' title='bbox 1100 3571 1164 3646; x_wconf 83' lang='lat' dir='ltr'><strong>pen</strong></span> 
     </span>
     <span class='ocr_line' id='line_1_18' title="bbox 258 3679 1235 3779; baseline 0 -27"><span class='ocrx_word' id='word_1_97' title='bbox 258 3681 455 3753; x_wconf 84' lang='lat' dir='ltr'><strong>brumalium</strong></span> <span class='ocrx_word' id='word_1_98' title='bbox 487 3679 640 3754; x_wconf 81' lang='lat' dir='ltr'><strong>feriarum</strong></span> <span class='ocrx_word' id='word_1_99' title='bbox 672 3683 954 3779; x_wconf 85' lang='lat' dir='ltr'><strong>opportunitatem</strong></span> <span class='ocrx_word' id='word_1_100' title='bbox 982 3679 1093 3777; x_wconf 83' lang='lat' dir='ltr'><strong>paullo</strong></span> <span class='ocrx_word' id='word_1_101' title='bbox 1122 3679 1160 3754; x_wconf 83' lang='lat' dir='ltr'><strong>li·</strong></span> <span class='ocrx_word' id='word_1_102' title='bbox 1231 3745 1235 3752; x_wconf 94' lang='lat'>.</span> 
     </span>
    </p>
   </div>
   <div class='ocr_carea' id='block_1_4' title="bbox 0 0 1538 4575">
    <p class='ocr_par' dir='ltr' id='par_1_4' title="bbox 0 0 1538 4575">
     <span class='ocr_line' id='line_1_19' title="bbox 0 0 1538 4575; baseline 0 2"><span class='ocrx_word' id='word_1_103' title='bbox 0 0 1538 4575; x_wconf 95' lang='lat' dir='ltr'><strong> </strong></span> 
     </span>
    </p>
   </div>
  </div>
 </body>
</html>
