3067 4575
788 530 830 598 10

356 738 503 830 ruptelne
530 742 742 828 suspicionem
770 749 915 818 movent,
942 738 1032 805 velut
1059 738 1103 805 93
1130 730 1201 823 ἅμα
1223 732 1253 801 δ’

357 860 519 953 ὠφέλειαν
546 860 692 928 ἀποίσιτ’
712 857 891 951 εὔχρηστον
917 856 1056 947 μαθών,
1085 858 1142 927 ubi
1163 878 1258 946 repo·

355 984 463 1051 nenda
490 1008 572 1073 quae
598 988 692 1051 unice
716 984 821 1072 proba
842 994 891 1049 est
911 984 1014 1050 forme
1037 980 1196 1073 ὠφελίαν,
1224 990 1258 1047 et

355 1110 422 1175 865
455 1116 526 1185 τοῖς
552 1103 733 1194 Βοσπόρου
772 1108 942 1192 βασίλειον
974 1104 1257 1192 ἐπωνομασμένον,

356 1234 411 1318 qui
430 1252 542 1297 versus
563 1235 625 1297 nisi
645 1234 774 1320 gravius
791 1234 901 1297 vitium
917 1234 1016 1310 traxit,
1037 1234 1082 1295 ita
1097 1230 1258 1317 corrigen-

356 1354 416 1419 dus
444 1364 495 1419 est
518 1365 554 1421 ut
575 1351 811 1439 ὠνομασμένον
835 1353 998 1421 scribatur.
1041 1354 1095 1421 De
1122 1374 1168 1417 vs.
1191 1352 1258 1417 470

355 1474 431 1557 έξῆς
452 1474 592 1561 διέξιμεν
613 1476 648 1541 δὲ
668 1470 770 1541 πόλιν
791 1470 853 1557 τὴν
871 1471 1021 1555 Ἑλλάὃα,
1043 1494 1103 1543 suo
1121 1474 1195 1541 Ιοοο
1211 1473 1268 1549 di„

357 1610 440 1665 ctum
464 1609 522 1663 est
571 1600 708 1663 Restant
729 1621 791 1663 vss.
807 1601 873 1665 286
895 1609 929 1663 et
949 1600 1016 1664 319
1043 1600 1136 1685 έσχιν
1161 1595 1257 1665 ἀποι-

356 1722 441 1799 κίαν,
462 1723 528 1787 363
551 1723 695 1787 οέκοῦσιν
713 1716 862 1806 Ἰάπυγες
884 1731 917 1787 et
936 1722 1001 1797 ‚481
1024 1723 1180 1787 καλοῦσιν
1194 1718 1258 1785 ἀπ-

356 1845 480 1922 οίκους,
507 1864 588 1930 quos
610 1843 711 1908 verbo
733 1847 876 1933 attigisse
898 1844 1024 1911 sufficit.
1069 1842 1135 1909 sed
1156 1841 1255 1908 redeo

357 1964 400 2029 ad
415 1986 472 2031 eos
487 1964 529 2031 de
544 1966 657 2053 quibus
671 1965 778 2033 dicere
793 1970 914 2035 institui
927 1990 1047 2049 versus,
1064 1988 1145 2054 quos
1161 1986 1257 2053 quum

357 2087 460 2154 codex
486 2092 530 2154 ite
559 2093 696 2176 scriptos
718 2090 875 2157 exhibeat:
903 2086 1025 2171 ταύτης
1047 2086 1200 2175 σύνεγγυς
1222 2084 1252 2153 δ’

356 2214 427 2277 ἐστὶ
442 2206 547 2288 ’πόλις
576 2213 728 2297 λαβοῦσα
759 2214 886 2303 Τυρίων
915 2208 1066 2302 ἐμπόρων
1094 2210 1257 2292 ἀποικίαν,

356 2335 539 2398 Letronnus
569 2333 609 2400 de
631 2334 786 2424 scaligeri
815 2338 999 2400 coniectura
1024 2338 1186 2414 παλαιῶν,
1215 2335 1256 2402 de

357 2478 415 2522 sua
429 2466 533 2522 autem
548 2451 609 2537 τὴν
623 2446 835 2545 supplendum
850 2462 979 2545 putavit,
1001 2458 1110 2540 multo,
1132 2468 1168 2526 ut
1180 2459 1256 2522 mihi

358 2577 483 2665 quidem
506 2579 641 2660 videtur,
662 2581 838 2648 consultius
860 2581 1014 2662 facturus,
1035 2585 1063 2648 si
1085 2587 1127 2648 ite
1150 2580 1255 2648 locum

359 2700 562 2766 exhibuisset:
777 2690 783 2704 Χ

400 2819 522 2903 ταύτης
543 2821 697 2910 σύνεγγυς
718 2823 749 2891 s’
767 2823 856 2920 ἐστὶν
880 2820 1070 2916 [ἐπιφανὴς]
1092 2821 1194 2905 πόλις,

400 2945 553 3028 λαβοῦσα
581 2949 708 3034 Τυρίων
728 2944 880 3035 ἐμπόρων
901 2945 1057 3014 ἀποικίαν
1078 2985 1121 2998 -

356 3069 431 3132 Hoc
454 3073 539 3144 ‚enim
563 3071 705 3156 epitheto
728 3070 795 3136 sere
819 3081 913 3136 ornet
934 3072 1089 3158 Scymnus
1116 3071 1187 3138 loce
1209 3077 1257 3138 in-

357 3193 514 3278 signiora,
542 3202 579 3257 ut
606 3216 652 3258 vs.
668 3195 734 3258 340
755 3190 910 3280 Σύβαρις
929 3194 1067 3280 Ἀχαιῶν
1094 3189 1257 3285 ἐπιφανὴς

357 3308 507 3392 ἀποικία,
534 3316 602 3380 518
625 3312 801 3403 Κόρινθον
823 3319 1005 3394 οἰκίσαντες
1029 3315 1175 3408 ἐπιφανῆ
1195 3314 1256 3382 πό-

357 3436 424 3516 λιν,
446 3439 513 3504 625.
533 3434 555 3517 ἡ
577 3439 694 3502 Πέλλα
715 3440 773 3504 καὶ
798 3439 919 3528 Βίροια
942 3437 972 3505 δ’
991 3438 1256 3530 ἐπιφανέσταται,

357 3559 422 3624 971
444 3556 583 3646 λουτρὸν
605 3558 875 3650 ἐπιφανέστατον.
927 3565 1011 3628 Ηίοο
1036 3584 1103 3628 non
1126 3560 1255 3626 dubium

356 3679 459 3746 videri
480 3693 597 3769 potest,
623 3686 699 3769 quin
721 3705 768 3748 vs.
785 3687 849 3751 163
871 3683 892 3766 ἡ
915 3685 1073 3772 λεγομένη
1102 3687 1255 3772 Ταρτησ-
