3067 4575
787 562 831 630 46

357 777 457 852 νίδος.
502 776 684 860 Sequrmtur
705 795 816 838 versus
831 776 896 840 777
913 809 955 825 -
968 773 1022 850 84,
1044 793 1127 858 quoa
1150 772 1266 838 Fabri·

359 903 426 964 cius
448 920 487 962 ex
509 897 733 964 emendatione
753 898 912 962 Letronni
932 901 977 961 ita
999 874 1114 960 edidit:

403 1020 516 1106 ἀμέλει
537 1018 566 1086 δ’
585 1015 679 1108 ἄχρις
700 1022 760 1100 τῆς
782 1021 943 1100 Κελτικῆς
963 1015 1156 1104 γινώσκεται

402 1142 466 1210 κάν
486 1145 534 1228 τῷ
554 1145 649 1230 θέρει
670 1137 730 1208 τὸν
751 1139 862 1208 πάντα
883 1144 1048 1228 διαμένων
1065 1138 1198 1228 χρόνον.

401 1269 535 1353 χειμῶνι
555 1269 616 1351 μὲν
637 1260 701 1352 γὰρ
724 1261 858 1346 αύξεται
877 1261 1103 1352 πληρούμενος

403 1402 473 1467 τοῖς
493 1394 677 1475 γινομένοις
699 1385 855 1475 ὄμβροισι
875 1391 934 1456 καὶ
950 1386 1064 1474 χιόνος
1084 1383 1153 1454 ἄπο

404 1517 469 1578 τῶν
489 1517 677 1595 τηκομένων
698 1535 733 1576 τε
754 1507 938 1597 λαμβάνων
958 1510 1010 1576 ἀεὶ
1030 1508 1155 1594 otyor,

404 1634 447 1712 ὥς
469 1657 568 1724 φασι,
590 1627 651 1710 τὰς
671 1632 870 1722 ὲπιρρύσεις·
890 1631 955 1700 κᾶν
975 1635 1023 1717 τῷ
1042 1635 1138 1718 θέρει

403 1753 442 1822 τὸ
463 1758 605 1842 ῥεῖθρον
627 1753 756 1834 έξίεισιν
779 1753 935 1835 ὡσαύτως
954 1755 1038 1823 ἴσον.

360 1883 467 1946 Primo
489 1901 586 1946 versu
607 1878 708 1967 vulgo
730 1879 849 1968 iegitur
870 1877 982 1963 ἀμέλει
1003 1880 1039 1944 δὲ
1059 1873 1151 1964 ἄχρι,
1172 1878 1262 1964 quod

359 2007 544 2070 Letronnus
566 1999 678 2089 ἀμέλει
692 2000 722 2067 δ’
737 1997 831 2090 ἄχρις
847 2007 982 2090 arripuit
1018 2003 1177 2088 scymnus
1190 2003 1263 2066 aine

361 2127 460 2192 dubio
482 2123 595 2210 ἀμέλει
617 2127 652 2191 δὲ
672 2130 766 2211 μέχρι
788 2130 966 2212 scripserat
1009 2126 1090 2190 Post
1108 2121 1262 2208 γινώσκε-

360 2273 416 2315 ται
437 2248 591 2315 excidisse
612 2249 739 2315 videtur
759 2270 881 2328 versus,
901 2247 1056 2335 siquidem
1078 2246 1177 2313 verba
1196 2245 1262 2313 atriu

360 2376 406 2456 τῷ
427 2375 523 2456 θέρει
545 2376 783 2459 oppositionem
808 2372 872 2437 sibi
892 2370 1071 2459 posmlant3
1097 2374 1205 2457 itaque
1226 2374 1261 2436 in

359 2496 426 2561 fine
454 2500 522 2561 eius
551 2499 606 2582 qui
642 2496 758 2561 excidit
784 2518 895 2561 versus
921 2495 1020 2560 tuisse
1051 2497 1198 2580 suspicor
1224 2499 1261 2559 έν

357 2621 491 2704 χειμῶνι’
518 2642 563 2683 τε.
614 2618 772 2705 Quartum
794 2639 920 2684 veroum
948 2629 982 2683 et
1008 2628 1178 2704 sequentes
1201 2618 1261 2681 Le-

359 2754 494 2807 tronnus
517 2765 555 2807 er
576 2742 625 2807 his
640 2742 805 2827 Anonymi
826 2742 935 2807 verbis
950 2744 1168 2807 concinnavit:
1189 2749 1262 2815 τοῖς

358 2870 542 2947 γινομένοις
564 2857 721 2951 ὅμβροισι
741 2867 799 2929 καὶ
819 2861 887 2933 ἀπὸ
906 2868 966 2947 τῆς
983 2862 1106 2951 χιόνος,
1127 2859 1172 2941 ὥς
1191 2888 1261 2951 φα-

360 3006 422 3064 σιν,
443 2980 504 3061 τὰς
524 2982 706 3076 έπιρρύσεις
726 2990 793 3053 τῶν
813 3010 849 3053 τε
869 2992 1058 3073 τηκομένων
1078 2983 1262 3074 λαμβάνων

359 3106 412 3173 ἀεὶ
438 3105 569 3193 πάγων,
598 3116 634 3177 έν
662 3112 698 3177 δὲ
726 3114 773 3195 τῷ
800 3113 896 3198 θέρει
920 3105 961 3176 τὸ
982 3112 1124 3197 ῥεῖθρον
1144 3107 1262 3189 έξεισιν

359 3228 513 3307 ὡσαύτως
534 3230 616 3297 ἰ’σον.
650 3235 771 3299 Fateor
790 3257 842 3299 me
863 3237 898 3299 in
918 3234 969 3298 his
990 3233 1111 3300 nullum
1132 3256 1260 3300 sensum

358 3353 478 3433 videre,
498 3332 605 3441 neque
625 3358 865 3443 grammaticam
880 3355 986 3444 legem
1006 3361 1052 3423 ita
1073 3370 1110 3423 ut
1123 3357 1260 3423 decebat

359 3488 524 3543 servatam.
557 3479 641 3543 Nam
663 3490 700 3543 ut
720 3477 762 3542 de
783 3477 904 3543 infelici
923 3479 993 3545 isto'
1006 3478 1118 3559 ἐξίασι
1131 3494 1259 3556 taceam,

358 3601 458 3667 verba
483 3602 618 3687 χειμῶνι
638 3604 699 3688 μὲν
719 3596 784 3690 γάρ
806 3604 883 3667 satia
904 3603 1024 3669 docent
1043 3607 1078 3668 in
1100 3607 1261 3690 sequenti

357 3724 374 3746 ““
390 3746 419 3779 '2
447 3747 515 3793 non
538 3725 637 3809 ,scribi
664 3748 762 3815 posse
789 3723 855 3793 ναν
876 3728 924 3813 τῷ
944 3730 1056 3815 θέρει,
1083 3726 1142 3820 sed
1170 3727 1261 3813 quod

1400 1942 1404 2223 Ι
