3067 4575
671 553 822 658 23—

297 766 415 844 κτίσεις
435 789 471 832 τε
491 762 619 836 πόλεων
639 765 700 847 τῆς
722 761 802 846 ὅλης
822 789 857 832 τε
878 768 941 851 γῆς
961 762 1079 853 σχεδόν

299 882 351 954 ὅσ’
369 892 439 958 ἐστὶ
459 886 573 958 πλωτὰ
594 893 651 957 καὶ
671 886 815 976 πορευτύ
840 890 907 955 τῶν
926 886 1046 956 τόπων.

297 1006 473 1078 τούτωνδ’
493 1009 559 1080 ὅσα
580 1015 641 1100 μέν
662 1007 789 1097 εὐσημά
811 1009 839 1077 τ’
859 1014 930 1080 ἐστὶ
950 1013 1008 1077 καὶ
1029 1014 1125 1103 σαφῆ

298 1137 352 1201 ἐπὶ
372 1137 556 1227 κεφαλαίου
577 1129 744 1221 συντεμῶν
765 1130 964 1221 ἐκθήσομαι

299 1249 364 1324 ὅσα
384 1255 416 1324 θ’
434 1260 524 1325 ἐστὶν
546 1255 654 1324 αὐτῶν
676 1255 716 1324 οὐ
738 1260 854 1347 σαφῶς
875 1259 1072 1342 ἐγνωσμένα,
1125 1274 1129 1286 “

300 1375 319 1444 ὁ
341 1374 427 1445 κατα
447 1382 547 1467 μέρος
567 1379 658 1446 ταῦτ’
678 1375 889 1468 ἐξακριβώσει
910 1375 1017 1464 λόγος,

300 1494 398 1580 ὥστε,
417 1502 568 1586 βασιλεῦ,
590 1497 650 1569 τύν
670 1501 782 1570 πάντα
802 1504 863 1583 τῆς
883 1507 1075 1588 οἰκουμένης

300 1623 383 1708 ἔχειν
405 1645 441 1691 σε
461 1620 675 1713 περιορισμὸν
696 1628 958 1712 ἐπιτετμημένον,

299 1747 458 1831 ποταμῶν
477 1771 512 1814 τε
532 1745 685 1834 μεγάλων
705 1744 872 1829 ἰδιότητας
892 1749 949 1812 καὶ
970 1742 1088 1831 ῥύσεις,

299 1861 361 1948 τὴν
382 1871 448 1936 τῶν
469 1866 520 1938 δύ’
538 1868 681 1956 ἠπείρων
701 1895 736 1938 τε
757 1865 844 1936 κατὰ
867 1874 966 1958 μέρος
987 1870 1095 1947 θέσιν,

300 1995 336 2057 ἐν
356 1995 495 2081 ἑκατέρᾳ
515 1995 602 2073 τίνες
624 1997 706 2062 εέσὶν
723 1989 889 2075 Ἑλλήνων
909 1988 1029 2069 πόλεις,

300 2114 385 2192 τίνες
406 2117 552 2196 ἔκτισαν,
572 2112 659 2183 κατὰ
680 2119 775 2194 τίνας
795 2110 929 2200 ρ’ὐιησαν
946 2110 1096 2209 χρόνους,

301 2232 377 2315 τούς
399 2235 576 2324 ὁμοεθνεῖς
597 2233 698 2318 ὄντας
719 2261 753 2305 τε
770 2233 852 2316 »τούς
871 2235 901 2304 τ’
921 2234 1144 2325 αὐτόχθονας,

301 2356 363 2425 τίν’
383 2362 451 2427 ἐστι
470 2358 681 2450 πλησιόχωρα
701 2357 885 2449 βαρβάρων
904 2365 992 2447 χέυη,

302 2481 378 2547 τίνα
398 2478 547 2567 μιγάδων
568 2480 740 2571 λεγόμενα,
761 2490 844 2552 ποῖα
864 2481 1038 2577 νομαδικοξ,

303 2605 388 2681 τίνες
408 2599 539 2692 ἥμεροι,
560 2609 646 2684 τέκες
668 2609 749 2675 εἰσὶν
771 2602 979 2686 ὐξινῶτατοι,

303 2728 399 2793 ἔθεσι
418 2722 553 2815 τρόποις
574 2730 682 2814 έργοις
701 2754 736 2796 τε
757 2724 1023 2820 βαρβαρώτατοι,

302 2853 378 2917 τίνα
400 2852 467 2915 τῶν
487 2852 599 2917 ἐθνῶν
620 2854 758 2935 μέγιστα
779 2846 1051 2936 πολυανδρούντά
1072 2871 1115 2926 τε,

302 2975 390 3041 τίσιν
410 2968 526 3058 νόμοις
547 2978 669 3039 ἐκαστα
687 2976 810 3062 χρῆται
830 2976 887 3039 καὶ
907 2974 1003 3056 βίοις,

303 3096 369 3161 τῶν
390 3098 555 3185 ἐμπορίων
577 3092 642 3161 ὅσα
663 3093 691 3161 τ’
711 3098 802 3163 ἐστὶν
823 3092 1048 3179 εὐτυχέστατα,

303 3214 413 3301 νήσων
434 3242 469 3285 τε
490 3220 607 3286 πασῶν
628 3211 694 3285 ’τῶν
714 3214 798 3305 πρὸς
818 3212 981 3306 Εὐρώπην
1002 3216 1111 3292 θέσιν,

304 3340 378 3423 ἑξῆς
398 3366 434 3407 τε
456 3344 522 3409 τῶν
544 3338 699 3427 σύνεχχυς
717 3312 813 3427 Ἀσέα
833 3346 996 3427 κειμένων,

342 3549 399 3603 ’78.
418 3545 532 3617 ᾤκησαν]
552 3542 614 3601 Vid.
628 3542 777 3610 Commssnt.
795 3563 823 3620 p.
836 3545 861 3599 7.
920 3544 964 3597 80.
983 3538 1035 3595 τέκ’
1046 3536 1146 3607 Ioula,
1163 3544 1205 3594 πέ-

306 3660 347 3703 νις
364 3648 422 3697 ἐστι
438 3638 471 3697 C.
537 3640 581 3697 83.
598 3637 682 3709 ἤθεσι
698 3647 760 3695 ante
778 3634 928 3695 morellum.
992 3636 1036 3693 8⁵.
1054 3640 1084 3691 τί
1098 3654 1144 3691 σοι
1159 3636 1205 3689 κὸ-

306 3756 366 3806 μοις
383 3732 415 3790 C.
486 3732 529 3790 88.
551 3726 623 3803 ἐξιῆς
641 3730 673 3789 C.
