3067 4575
738 554 886 654 -ep-

361 763 422 852 μιά
444 772 492 847 τε)
514 765 657 832 καὶτῶν
679 765 838 830 Μαλιέων
859 756 959 854 ἄλλαι
978 755 1104 839 πόλεις,
1126 783 1259 848 eamque

363 887 616 954 emendationem
643 886 726 952 adeo
752 889 787 951 in
807 884 978 950 verborum
1005 884 1151 950 ordinem
1173 907 1262 950 rece-

362 1015 423 1099 pit,
451 1015 484 1092 iu
512 1033 577 1098 quo
605 1009 732 1074 fidelem
760 1007 986 1096 pedissequum
1012 1007 1125 1072 hahuit
1149 1007 1261 1072 Fabri-

363 1137 453 1198 eium.
497 1133 679 1220 Quantillae
702 1141 806 1197 autem
829 1153 949 1216 operae
971 1141 1040 1196 erat
1059 1133 1154 1196 nnius
1174 1129 1260 1195 litte-

279 1347 282 1357 *
362 1256 450 1322 rulae
478 1255 693 1321 additamento
728 1277 818 1325 suam
846 1254 987 1340 Scymno
1019 1252 1155 1318 reddere
1183 1255 1259 1317 scri-

361 1389 501 1463 pturam:

401 1497 528 1585 Ἕχῖνος
550 1490 589 1566 οὗ
609 1494 704 1575 πόλις
726 1500 809 1578 ἐστι’,
830 1499 890 1563 τοῦ
910 1496 1077 1585 Σπαρτοῦ
1096 1498 1199 1574 κτίσις

401 1619 561 1707 Ἐχίονος,
583 1623 640 1686 καὶ
662 1622 821 1685 Μαλιέων
841 1614 941 1686 ἄλλαι
961 1615 1082 1696 πόλεις.

360 1745 414 1809 De
442 1745 585 1810 Echione
613 1745 743 1830 Sparto,
772 1735 886 1807 Echini
916 1742 1120 1808 Thessalicae
1147 1741 1260 1807 eondi-

361 1878 441 1946 tore,
462 1866 536 1932 vide
557 1868 585 1932 si
606 1867 686 1932 tanti
703 1874 751 1930 est
766 1888 848 1953 quae
862 1865 954 1932 attuli
968 1865 1072 1932 Anall.
1089 1863 1257 1931 Alexandr.

363 2013 395 2077 p.
417 1991 491 2056 204.
603 2024 607 2031 ·

671 2112 728 2175 Vs.
751 2111 816 2175 621
834 2147 875 2160 -
891 2111 945 2176 λδ.

400 2227 526 2310 ”didace
546 2227 585 2299 τὸ
607 2234 803 2318 Λαγκιστῶν
824 2233 859 2299 dl
881 2235 937 2299 καὶ
958 2233 1024 2299 τῶν
1044 2227 1257 2318 Πιλαγόνων,

405 2358 472 2423 τῶν
493 2361 647 2442 κειμένων
668 2380 702 2423 re
724 2351 816 2441 παρὰ
837 2353 899 2421 τὸν
916 2352 1025 2435 Ἀξιὸν
1045 2358 1159 2441 ἔχεται,

405 2481 472 2545 τῶν
492 2479 702 2559 Βοατεατῶν,
724 2481 790 2544 τῶν
810 2502 846 2544 τε
866 2480 941 2563 περὶ
961 2472 1022 2543 τὸν
1041 2474 1236 2566 Στρυμόνα.

361 2602 458 2666 Levis
485 2604 587 2688 primo
615 2624 708 2667 versu
737 2601 847 2667 relicta
877 2611 927 2666 est
953 2600 1091 2678 macula;
1122 2605 1260 2686 Λνγιιη-

362 2727 441 2790 σταλ
463 2727 554 2803 enim,
571 2730 643 2789 ‘non
656 2727 845 2809 Λωγκισταί
858 2728 1028 2813 genuinam
1042 2726 1179 2789 nominis
1193 2724 1259 2789 lor-

361 2869 443 2912 mam
472 2868 555 2926 esse,
584 2846 725 2911 ostendit
752 2858 900 2913 constans
928 2847 1098 2913 latinorum
1126 2849 1259 2933 scripto

362 2992 431 3034 rum
452 2991 542 3048 usus,
564 2970 739 3055 Lyncestes
762 2969 848 3035 illam
870 2979 998 3058 gentem
1020 2968 1257 3056 appellantium.

363 3082 678 3158 Gravius'secundus
699 3115 811 3158 versus
833 3093 966 3158 allecum
989 3103 1051 3171 est,
1076 3096 1166 3157 cuins
1188 3114 1259 3156 cor-

362 3213 518 3299 ruptelam
532 3235 733 3279 numerorum
748 3218 979 3284 inconcinnitas
993 3218 1107 3304 arguit
1139 3214 1259 3301 Quam-

362 3356 455 3421 quam
484 3338 620 3399 enimin
643 3339 752 3421 quinta
773 3336 850 3401 sede
877 3340 994 3423 passim
1015 3348 1127 3403 noster
1147 3338 1259 3403 tribra-

267 3470 272 3485 '
363 3456 453 3521 chum
476 3456 607 3535 admisit,
629 3456 799 3546 diligenter
819 3469 925 3523 tamen
945 3463 1028 3525 cavit
1047 3482 1091 3526 ne
1112 3470 1188 3547 post
1208 3482 1258 3525 se

309 3618 311 3621 -
362 3578 496 3645 eludam
523 3579 678 3667 syllabam
705 3580 872 3662 incideret,
898 3585 1018 3669 inquo
1043 3582 1259 3669 illeoptimo·

361 3722 430 3765 rum
457 3712 623 3803 poetarum
652 3704 826 3792 exemplum
854 3716 1006 3792 sequutus
1034 3716 1091 3771 est.
1135 3706 1175 3771 ln
1203 3727 1258 3770 co·
