3067 4575
705 535 747 605 67

600 837 656 902 Vs.
680 837 724 902 20
740 871 784 884 -
799 837 853 902 23.

318 986 474 1080 Νωθρὰν
494 985 559 1080 γὰρ
583 989 642 1080 οὐχ
657 987 764 1078 εὕροις
780 987 831 1072 ἄν,
855 989 928 1057 ἀλλ’
945 995 1166 1077 ὲσπευσμέυην

317 1108 379 1196 τὴν
400 1116 646 1203 πραγματείαν·
669 1109 720 1180 διὸ
744 1108 885 1182 σεαυτὸν
905 1107 952 1200 μὴ
973 1112 1091 1203 βραχύ,

318 1234 501 1324 ὁλοσχερῶς
523 1235 554 1303 δ’
574 1240 627 1304 ἐπὶ
648 1239 754 1304 ταῦτα
778 1231 855 1314 δοὺς
876 1239 933 1302 καὶ
954 1233 1147 1313 σπουδάσας

319 1354 643 1450 συμφιλομοῖθησον,
665 1356 825 1449 καθάπερ
848 1357 973 1436 εῖιοθας
994 1367 1109 1426 ποιεῖν.

273 1483 362 1549 Nihil
391 1483 561 1569 proficitur
582 1483 777 1548 Boissonadi
806 1484 989 1548 coniectura
1012 1483 1179 1550 Letronno

274 1606 411 1693 probata
434 1599 485 1671 διὸ
509 1599 649 1672 σεαυτὸν
662 1606 723 1690 μὲν
736 1600 853 1690 βραχύ,
875 1626 916 1670 eo
940 1609 1034 1672 etiam
1049 1608 1180 1672 nomine

273 1731 397 1808 vitiosa,
420 1727 506 1816 quod
528 1731 590 1814 μέν
605 1749 671 1808 non
694 1749 755 1794 suo
777 1727 853 1793 loeo
868 1731 1008 1814 positum
1025 1739 1082 1795 est.
1114 1730 1180 1795 Ne-

274 1874 336 1938 que
357 1845 466 1937 βραχι)
486 1855 531 1916 ita
555 1863 591 1916 ut
612 1850 728 1916 volunt
750 1850 813 1916 dici
835 1860 954 1937 potest.
991 1851 1058 1939 Qui
1080 1850 1179 1917 verba

273 1973 384 2062 paullo
408 1975 558 2040 attentius
581 1977 766 2061 inspexerit,
796 1973 956 2064 intelliget
978 1973 1180 2040 scribendum

275 2119 345 2162 esse
368 2091 420 2162 διὰ
442 2092 584 2164 σεαυτὸν
597 2091 644 2182 μὴ
659 2083 796 2184 βραδύν,
819 2099 871 2175 eui
886 2097 973 2183 quod
986 2095 1180 2188 ὁλοσχερῶς,

274 2241 342 2287 non
364 2217 525 2307 ὁλοσχερῆ
547 2219 691 2299 infertur,
714 2219 749 2284 id
764 2219 845 2284 nihil
860 2221 1051 2287 offensionis
1072 2221 1179 2287 habet.

275 2346 313 2409 ln
327 2343 532 2429 sequentibus
543 2353 651 2431 narrat
666 2346 813 2429 scriptor,
830 2346 899 2409 iure
914 2346 1093 2432 meritoque
1107 2346 1180 2411 Phi·

275 2466 357 2533 leam
379 2468 570 2551 vituperari,
599 2468 654 2552 qui
676 2466 877 2573 Magnesiam
903 2466 944 2532 ab
968 2466 1105 2533 Hellade
1130 2490 1180 2533 se·

274 2590 427 2657 iunxerit:

540 2796 543 2803 ¹
626 2704 686 2777 τὸν
709 2712 743 2777 δὲ
769 2712 895 2778 eruar
916 2708 1049 2795 ἀγνοεῖν

320 2833 593 2920 ἀποχωρίσαντα
616 2834 713 2899 τοῦτο
737 2830 767 2898 δ’
786 2830 871 2910 εἶναι
893 2834 1062 2923 συμφανὲς

319 2967 390 3035 τοῖς
412 2956 622 3047 φιλομαθέσι
642 2950 788 3040 μάλιστα
811 2954 1106 3044 φιλοτιμουμένοις.

276 3082 394 3148 Mirum
423 3090 472 3145 est
494 3078 624 3144 latuisse
647 3076 788 3143 editores
817 3098 878 3164 pro
901 3074 1110 3165 φιλομαθέσι
1131 3094 1182 3140 re·

277 3208 358 3292 quiri
380 3203 571 3271 infinitivum
594 3201 811 3291 φιλομαθεῖν.
847 3200 891 3265 At
911 3219 954 3263 ne
971 3197 1036 3263 Ιιοο
1052 3196 1180 3285 quidem

277 3326 425 3393 sulficere
454 3324 605 3402 arbitron
635 3333 722 3389 certe
749 3326 892 3411 ineptum
921 3318 1049 3386 dicendi
1076 3342 1181 3409 genus

279 3460 328 3515 est
356 3450 563 3541 φιλομαθεῖν
587 3440 870 3539 φιλοτιμούμενος.
922 3444 1032 3530 ltaque
1053 3444 1180 3531 Diony·

279 3575 359 3637 sium
381 3575 543 3658 scripsisse
566 3572 727 3657 suspicor,
756 3578 827 3647 τοῖς
847 3567 1061 3653 πολυμαθεῖν
1081 3561 1181 3653 μα’λι-

279 3714 344 3761 οτα
364 3695 667 3785 φιλοτιμουμένοις,
