3067 4575
708 533 729 601 9

270 752 349 807 seot
399 742 471 808 Alia
494 745 577 809 enim
599 742 669 807 aliis
690 742 900 829 scriptoribus
925 766 961 810 se
984 742 1102 811 debere
1125 745 1171 812 di-

270 868 326 942 cit;
355 888 426 930 esse
448 888 527 931 vero
551 869 644 931 etiam
667 887 749 950 quae
771 875 890 952 suopte
912 867 1018 933 studio
1041 868 1171 957 indaga-

270 990 395 1076 gnverit
421 1000 453 1053 et
481 991 547 1053 suis
568 991 639 1074 ipse
665 991 891 1075 introspexerit
917 990 1032 1069 oculis,
1062 996 1176 1078 utqui

254 1132 336 1176 ,non
365 1110 534 1177 Graeciam
567 1120 689 1175 tantum
719 1123 753 1192 et
780 1110 918 1177 Siciliam
953 1112 1083 1192 obierit,
1117 1112 1175 1179 sed

270 1236 364 1297 etiam
386 1235 507 1299 vicinas
524 1231 690 1297 Adriatico
712 1236 792 1297 mari
814 1244 922 1313 terras,
944 1236 1020 1299 item
1037 1235 1176 1319 Tyrrhe·

269 1360 354 1421 niam
381 1358 437 1421 καὶ
465 1349 547 1432 τοὺς
569 1350 818 1433 Σικελικοὺς
844 1359 901 1451 καί
924 1350 1011 1444 πρός
1031 1359 1173 1445 ἐσπίραν

270 1475 378 1562 ὅρους.
433 1479 483 1543 Ex
509 1477 558 1541 his
584 1474 774 1566 intelligitur
801 1482 939 1566 ineptam
969 1500 1040 1545 esse
1071 1483 1105 1545 in
1133 1482 1175 1545 iis

271 1620 354 1685 quos
382 1598 534 1686 adscripsi
554 1599 700 1665 versibus
723 1605 905 1667 memoriam
928 1600 1069 1681 Siciliae,
1095 1601 1174 1688 Scy-

270 1742 377 1786 mnum
401 1733 505 1789 autem
527 1726 705 1810 scripsisse:

314 1837 337 1924 ἢ
358 1844 424 1910 τῶν
445 1844 518 1913 κατ’
534 1846 650 1914 Ἀσίαν
671 1851 826 1931 κειμένων
847 1842 1068 1933 πολισμάτων.

269 1968 343 2033 Hoc
371 1972 455 2043 enim
483 1970 524 2035 ab
553 1992 609 2049 eo,
637 1973 692 2057 qui
719 1992 790 2036 cum
812 1972 943 2035 maxime
965 1973 999 2035 in
1020 1970 1174 2055 Bithynia

270 2103 464 2173 versaretur,
486 2097 556 2159 iure
578 2095 737 2181 expectari
757 2102 895 2180 poterat.

585 2262 861 2371 mm-m

323 2453 433 2550 Ταύτῃ
455 2441 608 2545 σόνιγγιις
630 2458 660 2526 δ’
680 2459 750 2528 ἐστὶ
771 2456 866 2538 πόλις
889 2461 1040 2547 λαβοῦσα
1061 2458 1122 2540 τήν

312 2583 451 2668 Uopisco
471 2583 622 2648 παλαιῶν
644 2580 796 2670 ἐμπόρων
818 2581 982 2662 ἀποικίαν,

315 2705 351 2771 Γ
347 2699 462 2791 όὸιιρ’,
485 2698 570 2770 ὅπου
591 2710 729 2790 μέγιστα
754 2745 794 2758 -

266 2830 395 2894 ¹llornm
417 2849 564 2892 versuum
591 2834 710 2915 primus
731 2832 767 2894 in
789 2827 929 2894 secunda
954 2826 1085 2913 dipodia
1107 2849 1175 2894 oae-

274 2973 346 3017 sura
368 2951 525 3038 frangitur
546 2951 714 3030 trochaica,
735 2954 825 3016 cuius
843 2959 1001 3036 quotquot
1014 2952 1047 3015 in
1063 2961 1174 3018 nostro

275 3078 413 3138 carmine
436 3071 577 3160 exempla
598 3077 813 3159 reperiuntur,
840 3083 895 3136 aut
917 3070 1076 3138 editorum
1095 3075 1174 3138 vitio

274 3197 362 3262 illata
389 3208 464 3263 sunt
491 3201 548 3277 (ut
574 3219 620 3260 vs.
643 3197 707 3261 194
730 3188 861 3282 Ἴστρον
888 3217 923 3260 τι
951 3192 1176 3276 καθηκόντων,

274 3322 338 3387 687
368 3316 543 3408 Δάρδανον
570 3319 605 3386 δὲ
632 3313 788 3396 λιπόντα,
825 3319 889 3384 709
919 3319 1029 3383 loreto
1057 3313 1176 3396 πόλεις,

276 3444 341 3508 743
367 3436 473 3526 Αἷμος
502 3442 537 3506 δὲ
557 3445 727 3527 μέγιστον,
754 3444 821 3508 806
844 3436 927 3506 εἶναι
951 3441 985 3506 δὲ
1007 3435 1180 3527 γεωργούς,

275 3565 341 3630 899
368 3567 497 3652 ἔρημον
517 3559 688 3651 ὑπάρχειν,
715 3566 782 3631 889
808 3567 910 3640 κτίσις
938 3565 973 3628 δὲ
1001 3557 1176 3650 ιυρόννων,

276 3688 340 3752 941
364 3683 506 3752 εἶτ’.ίστι
526 3683 703 3768 Σινώπη),
731 3697 786 3752 aut
808 3685 886 3752 alias
909 3685 952 3751 ob
974 3707 1084 3752 causas
1106 3705 1177 3752 cor-
