3067 4575
622 571 776 672 „99-

252 776 363 862 Ελλάς
383 780 696 870 προσαγορευθεῖσα
716 786 791 860 ταῖς
811 778 988 861 ἀποικίαις.

245 875 435 987 Ἕλλιγνικάς
455 904 536 990 γοῦν
557 903 857 990 παραθαλαττίους
878 906 942 992 ίγει

249 1024 375 1106 πόλεις·
403 1029 543 1115 Τίρινοιν
563 1025 708 1112 πρῶτον,
730 1019 774 1106 ἣν
794 1022 967 1111 ἀπῴκισαν

248 1152 482 1238 Κροτωνιᾶται
501 1144 677 1236 πρότερον,
698 1142 740 1226 ἀς
761 1147 801 1214 θ’
820 1153 853 1215 οί
875 1151 1017 1232 πλησίον

246 1269 422 1340 Ἱππώνιον
443 1273 500 1338 καί
523 1270 668 1358 Μίδμαν
689 1265 814 1355 ᾤκισαν
834 1274 976 1359 Λοκροί

250 1393 307 1464 εἶτ’
327 1397 389 1462 είσὶ
406 1392 551 1478 Ῥηγῖνον
571 1388 666 1472 πόλις
686 1417 722 1460 τε
739 1390 880 1478 Ῥήγιον,

251 1514 338 1584 ὅθεν
361 1519 451 1584 ἐστὶν
471 1511 635 1602 ἐγγυτάτω
657 1518 790 1584 πλέοντι
810 1512 966 1600 διάβασις

251 1645 297 1718 είς
317 1634 380 1721 τὴν
400 1640 577 1710 Σικελίαν·
602 1639 781 1715 Χαλκιδεῖς
801 1640 837 1704 δὲ
854 1633 986 1723 Ῥήγιον

251 1761 421 1830 ἀποικίσαι
442 1763 603 1828 δοκοῦσιν.
627 1765 660 1828 οί
682 1762 716 1828 δὲ
738 1757 910 1846 λεγόμενοι

248 1880 470 1976 Ἑφιζεςοόριοι
490 1885 632 1964 πλησίον
653 1891 777 1951 κεῖνται
798 1885 939 1970 Λοκροί.

251 2003 387 2085 τούτους
408 2007 443 2074 δὲ
463 2003 611 2092 πρώτους
633 2007 719 2097 φασὶ
736 2001 938 2092 χρήσασθαι
958 2000 1075 2088 νόμοις

251 2140 459 2218 γραπτοῖσιν,
483 2124 540 2207 οὓς
562 2123 727 2206 Ζάλευκος
746 2126 947 2196 ἀποθέσθαι
967 2128 1070 2193 δοκεῖ·
1171 2143 1222 2195 315
1245 2150 1247 2153 ·

252 2253 335 2320 εἰσὶν
356 2250 386 2319 δ’
405 2247 538 2321 ἀποικοι
559 2252 625 2319 τῶν
643 2249 843 2319 Ὀπουντίων
864 2251 1023 2342 Λοκρῶν·
1138 2297 1141 2305 ·

253 2378 333 2442 ἔνιοι
354 2377 389 2442 δὲ
410 2378 554 2459 Λοκρῶν
575 2377 662 2466 φασί
682 2376 749 2441 τῶν
770 2380 806 2441 ἐν
824 2370 981 2455 ’θζόλαις

253 2500 359 2585 ἔχεται
380 2498 414 2563 δὲ
436 2492 560 2563 τούτων
580 2498 695 2583 πρῶτα
715 2500 777 2582 μὲν
797 2498 987 2578 Καυλωνία,

253 2626 289 2686 ἐκ
309 2620 370 2685 τοῦ
390 2613 569 2708 Κρότωνος
590 2613 662 2699 ἥτις
683 2617 749 2706 ἔσχ’
769 2618 941 2686 ἀποικίαν·

253 2737 321 2809 ἀπό
342 2743 402 2809 τοῦ
423 2736 577 2826 σύνεγγυς
597 2736 744 2827 κειμένου
766 2743 801 2809 δὲ
822 2744 862 2833 τῇ
882 2737 976 2808 πόλει

129 2856 130 2877 ’
254 2863 401 2942 αὐλῶνος
422 2859 507 2943 αὕτη
528 2857 677 2948 τοῦνομα
699 2861 814 2952 σχοῦσ’
832 2859 969 2972 ὕστερον

253 2983 501 3075 μετωνομάσθη
522 2986 570 3069 τῷ
588 2980 698 3073 χρόνῳ
718 2987 910 3065 Καυλωνία.

253 3109 329 3193 ἑξῆς
349 3111 384 3177 δὲ
405 3104 526 3189 ταύτης
548 3106 569 3190 ἡ
590 3110 669 3196 πρὶν
691 3103 905 3195 εὐτυχεστάτη
982 3167 985 3172 ,

128 3276 130 3289 ·
255 3218 477 3322 εόανδροτάτη
499 3227 594 3311 πόλις
615 3254 650 3298 τε
674 3235 833 3317 γενομένη
856 3224 1005 3319 Κρότων,

306 3408 367 3463 305.
389 3407 460 3482 γάρῗ
539 3409 600 3465 307.
624 3405 809 3477 ἀςθόίΜ,
831 3405 965 3473 ἀςοίῦ,
988 3402 1155 3470 ἀςάὀίῙι.

254 3501 315 3555 3⁰8.
335 3501 471 3557 Ἱππώνιον
494 3507 539 3557 καὶ
562 3506 676 3575 Μίόμαν
693 3498 860 3580 Vindingus,
879 3502 996 3558 Ἷπάιιον
1015 3502 1061 3556 καί
1078 3491 1155 3555 Πέδ-

255 3617 304 3649 ναν
322 3592 355 3650 C.
410 3596 470 3651 317.
485 3594 606 3665 Ὀζολοιῖς
624 3594 657 3652 C.
714 3600 775 3653 319.
794 3605 866 3668 ἴσχεν
884 3594 917 3652 C.
969 3596 1030 3651 32⁰.
1049 3599 1077 3651 όὶ
1093 3590 1155 3649 εάἀ.

254 3685 292 3754 Μ,
310 3688 342 3743 τί
357 3674 510 3747 θολωοιίοε.
575 3692 635 3749 321.
655 3689 751 3762 σχοῦσ”
765 3690 877 3767 ὕστερον
893 3686 931 3758 L,
949 3680 995 3761 «ιγ’
1009 3687 1042 3745 οὗ
1059 3690 1155 3746 σόστε-

255 3804 302 3859 ροι
321 3778 354 3838 C.
423 3784 484 3839 324.
506 3788 617 3860 Κροτῶν
635 3780 667 3840 C.
