3067 4575
256 753 321 820 tur,
350 742 486 832 intelligi
514 744 662 830 proiecto
692 765 759 807 nou
782 755 926 829 possunt.
971 746 1152 811 Latronnus

256 864 381 950 quidem
396 869 463 931 sive
478 870 587 953 potius
598 848 789 953 Vindingus,
812 868 899 931 cuius
915 867 1151 934 translationem

254 988 435 1054 Letronnus
456 993 572 1076 passim
596 1012 615 1052 a
637 1010 672 1053 se
696 998 867 1053 correctam
889 1010 959 1052 csse
974 990 1151 1075 profitetur,

253 1114 313 1175 ista
335 1114 383 1175 sic
404 1115 629 1197 interpretatus
652 1122 713 1175 est:
736 1135 794 1174 uer
817 1113 873 1197 qui
891 1116 1051 1195 transegit
1065 1114 1152 1178 Pon*

253 1236 353 1300 ticum
374 1258 475 1314 more,
498 1238 685 1298 immittatur
694 1234 818 1319 stando
837 1256 938 1317 *anper
955 1256 1020 1311 eoa,
1044 1259 1153 1320 poum-

253 1359 304 1420 ois
325 1356 400 1421 lanio
422 1358 531 1421 Ροοιο
540 1359 826 1442 ρνουίοιοι,,ι]οοο
843 1358 1063 1441 interpretatio
1087 1378 1151 1443 quo

253 1489 349 1563 pacto
379 1501 448 1542 curn
476 1482 599 1567 graecis
627 1480 735 1543 verbis
764 1476 926 1543 conciliari
954 1482 1057 1563 possit
1084 1500 1152 1544 non

253 1599 411 1687 intelligo.
467 1602 589 1667 Oilecit
615 1604 691 1665 viris
721 1600 824 1665 doctis
856 1599 1030 1665 leviuscula
1058 1605 1151 1667 nnius

255 1721 390 1787 vocrrlae
410 1721 607 1808 corruptela,
638 1746 697 1809 qua
726 1722 851 1787 sublata
880 1722 961 1787 clara
990 1728 1095 1789 omnia
1119 1736 1152 1791 et

253 1848 420 1932 perspicua
442 1856 524 1911 sunt.
546 1845 718 1933 legendum
742 1848 840 1909 enirn:

296 1960 363 2054 ἀὴρ
386 1964 589 2033 διαλλάττων
611 1970 645 2034 δὲ
667 1962 760 2054 παρὰ
781 1960 841 2031 τὸν
863 1964 1031 2033 Ποντικόν
1055 2006 1095 2021 ·-

251 2091 299 2155 lta
321 2092 386 2156 hoc
407 2067 491 2168 llicit,
513 2091 667 2155 Adriatici
688 2094 776 2155 sinus
800 2089 924 2155 accolas
946 2111 1021 2155 aere
1043 2096 1089 2156 uti
1110 2094 1150 2157 ab

252 2234 303 2293 eo,
325 2234 390 2300 qno
405 2215 531 2278 Pontici
552 2226 688 2294 utantur,
711 2213 810 2302 longe
833 2212 970 2292 diverso,
991 2212 1068 2277 licet
1090 2217 1151 2277 exi-

252 2357 321 2423 guo
343 2340 448 2421 spatio
461 2337 511 2400 ab
533 2339 582 2400 his
605 2338 769 2402 discretos.
789 2367 793 2374 ¹
825 2337 973 2422 Sequitur
997 2339 1093 2414 enim,
1116 2349 1151 2401 ut

148 2428 152 2437 ¹
253 2461 325 2543 ipse
346 2465 495 2537 testatur,
516 2461 673 2546 Scymnus
696 2462 901 2546 Theopompi
923 2462 1109 2545 opinionem
1132 2484 1150 2524 a

253 2581 413 2648 Strabone
443 2582 506 2644 Vll
534 2606 566 2668 p.
587 2586 651 2649 317
679 2583 840 2660 traditam,
872 2581 1149 2668 qui-Adriaticum

251 2725 339 2768 mare
362 2714 395 2767 et
415 2705 553 2768 Pontum
574 2706 729 2770 Euxinum
752 2717 888 2793 angusto
915 2717 1069 2770 terrarum
1090 2716 1150 2768 tra·
1228 2785 1229 2788 Ἴ

253 2840 307 2892 ctu
329 2826 476 2893 distineri
497 2825 558 2891 sibi
584 2838 792 2913 persuaserat.
837 2829 889 2892 De
911 2821 1004 2914 πυροὶ
1026 2847 1151 2912 compa-

253 2953 409 3014 rationem
432 2949 592 3013 indicante
615 2950 669 3013 cfr.
693 2949 839 3036 Thucyd.
862 2950 891 3028 l,
914 2951 957 3012 23
982 2944 1078 3027 ἡλίου
1099 2952 1150 3012 ἐκ·

252 3075 377 3163 λείψοις
398 3067 593 3158 πυκνότεραι
618 3065 711 3158 πυροὶ
731 3065 774 3136 τὰ
796 3076 831 3136 ὲκ
852 3073 911 3137 τοῦ
932 3071 1010 3158 πρὶν
1028 3064 1151 3157 χρόνον

252 3170 523 3281 paracarassimo
544 3191 735 3278 ξυνέβησαν.
1036 3189 1038 3194 ’

426 3469 436 3488 „
553 3408 610 3470 vs.
636 3406 850 3472 sss-401.

298 3568 447 3648 Λέγουσι
466 3557 531 3650 γὰρ
553 3557 595 3642 δὴ
617 3556 678 3642 τὴν
697 3558 897 3648 κιροιύνωοιν
917 3563 1041 3648 προτοῦ

298 3680 359 3766 τὴν
380 3687 441 3752 τοῦ
464 3686 664 3762 Φαέθοντος
686 3686 782 3774 δεῦρο
804 3686 973 3770 γεγονέναι
993 3686 1084 3760 τινές.

894 3807 915 3870 2
930 3803 952 3847 ιι
