<?xml version="1.0" encoding="UTF-8"?>
<!DOCTYPE html PUBLIC "-//W3C//DTD XHTML 1.0 Transitional//EN"
    "http://www.w3.org/TR/xhtml1/DTD/xhtml1-transitional.dtd">
<html xmlns="http://www.w3.org/1999/xhtml" xml:lang="en" lang="en">
 <head>
  <title>
</title>
<meta http-equiv="Content-Type" content="text/html;charset=utf-8" />
  <meta name='ocr-system' content='tesseract 3.04.00' />
  <meta name='ocr-capabilities' content='ocr_page ocr_carea ocr_par ocr_line ocrx_word'/>
</head>
<body>
  <div class='ocr_page' id='page_1' title='image "./scymnichiiperie00callgoog_0153.png"; bbox 0 0 3067 4575; ppageno 0'>
   <div class='ocr_carea' id='block_1_1' title="bbox 1237 538 1356 603">
    <p class='ocr_par' dir='ltr' id='par_1_1' title="bbox 1237 538 1356 603">
     <span class='ocr_line' id='line_1_1' title="bbox 1237 538 1356 603; baseline 0 0"><span class='ocrx_word' id='word_1_1' title='bbox 1237 538 1356 603; x_wconf 85' lang='lat'><em>121</em></span> 
     </span>
    </p>
   </div>
   <div class='ocr_carea' id='block_1_2' title="bbox 1144 627 1440 639">
    <p class='ocr_par' dir='ltr' id='par_1_2' title="bbox 1144 627 1440 639">
     <span class='ocr_line' id='line_1_2' title="bbox 1144 627 1440 639; baseline 0 3936"><span class='ocrx_word' id='word_1_2' title='bbox 1144 627 1440 639; x_wconf 95' lang='lat' dir='ltr'><em> </em></span> 
     </span>
    </p>
   </div>
   <div class='ocr_carea' id='block_1_3' title="bbox 386 740 2328 1937">
    <p class='ocr_par' dir='ltr' id='par_1_3' title="bbox 391 740 2069 952">
     <span class='ocr_line' id='line_1_3' title="bbox 391 740 2069 835; baseline 0.003 -26"><span class='ocrx_word' id='word_1_3' title='bbox 391 740 778 829; x_wconf 63' lang='grc' dir='ltr'><strong><em>τετρακόσι’,</em></strong></span> <span class='ocrx_word' id='word_1_4' title='bbox 825 742 910 821; x_wconf 84' lang='grc' dir='ltr'><em>ὡς</em></span> <span class='ocrx_word' id='word_1_5' title='bbox 956 741 1036 824; x_wconf 84' lang='grc' dir='ltr'><em>δὴ</em></span> <span class='ocrx_word' id='word_1_6' title='bbox 1083 742 1446 835; x_wconf 77' lang='grc' dir='ltr'><em>συγγράφει</em></span> <span class='ocrx_word' id='word_1_7' title='bbox 1489 742 1875 833; x_wconf 82' lang='grc' dir='ltr'><em>Δημήτριος.</em></span> <span class='ocrx_word' id='word_1_8' title='bbox 1926 798 1941 813; x_wconf 94' lang='grc'><strong>.</strong></span> <span class='ocrx_word' id='word_1_9' title='bbox 1990 800 2005 814; x_wconf 92' lang='grc'><strong>.</strong></span> <span class='ocrx_word' id='word_1_10' title='bbox 2055 798 2069 813; x_wconf 92' lang='grc'><strong>.</strong></span> 
     </span>
     <span class='ocr_line' id='line_1_4' title="bbox 400 863 1795 952; baseline 0.001 -20"><span class='ocrx_word' id='word_1_11' title='bbox 400 867 648 952; x_wconf 77' lang='grc' dir='ltr'><strong><em>Θρᾷκές</em></strong></span> <span class='ocrx_word' id='word_1_12' title='bbox 692 891 760 933; x_wconf 83' lang='grc' dir='ltr'><em>τε</em></span> <span class='ocrx_word' id='word_1_13' title='bbox 804 863 1202 950; x_wconf 76' lang='grc' dir='ltr'><em>Βαστάρναι</em></span> <span class='ocrx_word' id='word_1_14' title='bbox 1243 866 1300 933; x_wconf 82' lang='grc' dir='ltr'><em>τ’</em></span> <span class='ocrx_word' id='word_1_15' title='bbox 1340 864 1668 948; x_wconf 76' lang='grc' dir='ltr'><em>ἐπήλυδες.</em></span> <span class='ocrx_word' id='word_1_16' title='bbox 1716 917 1731 934; x_wconf 92' lang='grc'><strong>.</strong></span> <span class='ocrx_word' id='word_1_17' title='bbox 1779 919 1795 934; x_wconf 94' lang='grc'><strong>.</strong></span> 
     </span>
    </p>

    <p class='ocr_par' dir='ltr' id='par_1_4' title="bbox 391 984 1831 1079">
     <span class='ocr_line' id='line_1_5' title="bbox 391 984 1831 1079; baseline 0.002 -25"><span class='ocrx_word' id='word_1_18' title='bbox 391 984 620 1057; x_wconf 75' lang='grc' dir='ltr'><em>ἄνωθε</em></span> <span class='ocrx_word' id='word_1_19' title='bbox 664 986 912 1057; x_wconf 84' lang='grc' dir='ltr'><em>τούτων</em></span> <span class='ocrx_word' id='word_1_20' title='bbox 953 988 995 1070; x_wconf 85' lang='grc' dir='ltr'><strong><em>ἡ</em></strong></span> <span class='ocrx_word' id='word_1_21' title='bbox 1039 989 1310 1066; x_wconf 76' lang='grc' dir='ltr'><em>Σκυθὶς</em></span> <span class='ocrx_word' id='word_1_22' title='bbox 1353 992 1442 1074; x_wconf 87' lang='grc' dir='ltr'><em>γῆ</em></span> <span class='ocrx_word' id='word_1_23' title='bbox 1481 986 1831 1079; x_wconf 77' lang='grc' dir='ltr'><em>βάρβαρος</em></span> 
     </span>
    </p>

    <p class='ocr_par' dir='ltr' id='par_1_5' title="bbox 388 1106 1873 1199">
     <span class='ocr_line' id='line_1_6' title="bbox 388 1106 1873 1199; baseline 0.003 -22"><span class='ocrx_word' id='word_1_24' title='bbox 388 1106 556 1199; x_wconf 85' lang='grc' dir='ltr'><em>πρὸς</em></span> <span class='ocrx_word' id='word_1_25' title='bbox 597 1108 719 1194; x_wconf 86' lang='grc' dir='ltr'><em>τὴν</em></span> <span class='ocrx_word' id='word_1_26' title='bbox 762 1110 1076 1193; x_wconf 78' lang='grc' dir='ltr'><em>ἀοίκητον</em></span> <span class='ocrx_word' id='word_1_27' title='bbox 1121 1111 1524 1198; x_wconf 84' lang='grc' dir='ltr'><em>συνορίζουσ’</em></span> <span class='ocrx_word' id='word_1_28' title='bbox 1566 1116 1704 1179; x_wconf 78' lang='grc' dir='ltr'><em>ἐστὶ</em></span> <span class='ocrx_word' id='word_1_29' title='bbox 1745 1118 1873 1199; x_wconf 84' lang='grc' dir='ltr'><em>γῆν</em></span> 
     </span>
    </p>

    <p class='ocr_par' dir='ltr' id='par_1_6' title="bbox 388 1230 2328 1571">
     <span class='ocr_line' id='line_1_7' title="bbox 389 1230 2328 1320; baseline -0.002 -18"><span class='ocrx_word' id='word_1_30' title='bbox 389 1240 500 1303; x_wconf 86' lang='grc' dir='ltr'><em>καὶ</em></span> <span class='ocrx_word' id='word_1_31' title='bbox 543 1238 710 1304; x_wconf 80' lang='grc' dir='ltr'><em>πᾶσι</em></span> <span class='ocrx_word' id='word_1_32' title='bbox 753 1246 894 1313; x_wconf 82' lang='grc' dir='ltr'><em>τοῖς</em></span> <span class='ocrx_word' id='word_1_33' title='bbox 923 1230 1232 1316; x_wconf 83' lang='grc' dir='ltr'><em>Ἕλλησιν</em></span> <span class='ocrx_word' id='word_1_34' title='bbox 1275 1232 1744 1320; x_wconf 80' lang='grc' dir='ltr'><em>ἀγνοουμένην.</em></span> <span class='ocrx_word' id='word_1_35' title='bbox 2228 1255 2328 1303; x_wconf 62' lang='lat' dir='ltr'><em>&amp;flu</em></span> 
     </span>
     <span class='ocr_line' id='line_1_8' title="bbox 388 1352 2087 1449; baseline 0.001 -24"><span class='ocrx_word' id='word_1_36' title='bbox 388 1356 684 1446; x_wconf 81' lang='grc' dir='ltr'><strong><em>πρώτους</em></strong></span> <span class='ocrx_word' id='word_1_37' title='bbox 729 1360 798 1423; x_wconf 82' lang='grc' dir='ltr'><em>δὲ</em></span> <span class='ocrx_word' id='word_1_38' title='bbox 840 1352 1027 1446; x_wconf 79' lang='grc' dir='ltr'><em>παροὶ</em></span> <span class='ocrx_word' id='word_1_39' title='bbox 1067 1353 1186 1423; x_wconf 84' lang='grc' dir='ltr'><em>τὸν</em></span> <span class='ocrx_word' id='word_1_40' title='bbox 1215 1352 1477 1445; x_wconf 84' lang='grc' dir='ltr'><em>Ἴστρον</em></span> <span class='ocrx_word' id='word_1_41' title='bbox 1521 1353 1689 1423; x_wconf 78' lang='grc' dir='ltr'><em>εἶναι</em></span> <span class='ocrx_word' id='word_1_42' title='bbox 1730 1360 2087 1449; x_wconf 84' lang='grc' dir='ltr'><em>Καρπίὸας</em></span> 
     </span>
     <span class='ocr_line' id='line_1_9' title="bbox 391 1476 1861 1571; baseline 0 -24"><span class='ocrx_word' id='word_1_43' title='bbox 391 1481 640 1569; x_wconf 78' lang='grc' dir='ltr'><em>εἴρηκεν</em></span> <span class='ocrx_word' id='word_1_44' title='bbox 669 1477 986 1571; x_wconf 76' lang='grc' dir='ltr'><em>’Έφορος,</em></span> <span class='ocrx_word' id='word_1_45' title='bbox 1031 1476 1196 1547; x_wconf 82' lang='grc' dir='ltr'><strong><em>εἶτεν</em></strong></span> <span class='ocrx_word' id='word_1_46' title='bbox 1233 1480 1595 1568; x_wconf 83' lang='grc' dir='ltr'><em>Άροτῆρας</em></span> <span class='ocrx_word' id='word_1_47' title='bbox 1635 1478 1861 1569; x_wconf 88' lang='grc' dir='ltr'><em>πρόσω</em></span> 
     </span>
    </p>

    <p class='ocr_par' dir='ltr' id='par_1_7' title="bbox 387 1599 2159 1814">
     <span class='ocr_line' id='line_1_10' title="bbox 389 1599 2159 1693; baseline -0.001 -21"><span class='ocrx_word' id='word_1_48' title='bbox 389 1601 684 1693; x_wconf 80' lang='grc' dir='ltr'><em>Νευρούς</em></span> <span class='ocrx_word' id='word_1_49' title='bbox 727 1613 808 1670; x_wconf 70' lang='grc' dir='ltr'><em>τε</em></span> <span class='ocrx_word' id='word_1_50' title='bbox 839 1608 1024 1690; x_wconf 80' lang='grc' dir='ltr'><strong><em>μέχρι</em></strong></span> <span class='ocrx_word' id='word_1_51' title='bbox 1065 1606 1187 1687; x_wconf 84' lang='grc' dir='ltr'><em>γῆς</em></span> <span class='ocrx_word' id='word_1_52' title='bbox 1229 1599 1430 1669; x_wconf 78' lang='grc' dir='ltr'><em>πάλιν</em></span> <span class='ocrx_word' id='word_1_53' title='bbox 1479 1600 1726 1691; x_wconf 76' lang='grc' dir='ltr'><em>ἐρήμου</em></span> <span class='ocrx_word' id='word_1_54' title='bbox 1770 1600 1881 1671; x_wconf 80' lang='grc' dir='ltr'><em>διὰ</em></span> <span class='ocrx_word' id='word_1_55' title='bbox 1924 1602 2159 1691; x_wconf 78' lang='grc' dir='ltr'><em>πάγον,</em></span> 
     </span>
     <span class='ocr_line' id='line_1_11' title="bbox 387 1719 1984 1814; baseline 0 -21"><span class='ocrx_word' id='word_1_56' title='bbox 387 1723 552 1813; x_wconf 85' lang='grc' dir='ltr'><em>πρὸς</em></span> <span class='ocrx_word' id='word_1_57' title='bbox 595 1720 927 1803; x_wconf 73' lang='grc' dir='ltr'><em>ἀνατολὰς</em></span> <span class='ocrx_word' id='word_1_58' title='bbox 969 1723 1030 1791; x_wconf 83' lang='grc' dir='ltr'><em>δ’</em></span> <span class='ocrx_word' id='word_1_59' title='bbox 1069 1721 1334 1809; x_wconf 78' lang='grc' dir='ltr'><em>ἐκβάντι</em></span> <span class='ocrx_word' id='word_1_60' title='bbox 1375 1719 1494 1791; x_wconf 85' lang='grc' dir='ltr'><em>τὸν</em></span> <span class='ocrx_word' id='word_1_61' title='bbox 1536 1727 1984 1814; x_wconf 77' lang='grc' dir='ltr'><em>Βορυσθένην</em></span> 
     </span>
    </p>

    <p class='ocr_par' dir='ltr' id='par_1_8' title="bbox 386 1844 2328 1937">
     <span class='ocr_line' id='line_1_12' title="bbox 386 1844 2328 1937; baseline 0 -22"><span class='ocrx_word' id='word_1_62' title='bbox 386 1846 509 1931; x_wconf 83' lang='grc' dir='ltr'><em>τὴν</em></span> <span class='ocrx_word' id='word_1_63' title='bbox 550 1853 906 1937; x_wconf 78' lang='grc' dir='ltr'><em>λεγομένην</em></span> <span class='ocrx_word' id='word_1_64' title='bbox 937 1844 1218 1913; x_wconf 72' lang='grc' dir='ltr'><em>’Ὑλαιαν</em></span> <span class='ocrx_word' id='word_1_65' title='bbox 1261 1850 1603 1925; x_wconf 81' lang='grc' dir='ltr'><em>οἰκοῦντας</em></span> <span class='ocrx_word' id='word_1_66' title='bbox 1646 1846 1957 1929; x_wconf 76' lang='grc' dir='ltr'><strong><em>Σκύθας,</em></strong></span> <span class='ocrx_word' id='word_1_67' title='bbox 2225 1864 2328 1915; x_wconf 58' lang='grc' dir='ltr'><em>εῡξι</em></span> 
     </span>
    </p>
   </div>
   <div class='ocr_carea' id='block_1_4' title="bbox 390 2028 777 2038">
    <p class='ocr_par' dir='ltr' id='par_1_9' title="bbox 390 2028 777 2038">
     <span class='ocr_line' id='line_1_13' title="bbox 390 2028 777 2038; baseline 0 2537"><span class='ocrx_word' id='word_1_68' title='bbox 390 2028 777 2038; x_wconf 95' lang='lat' dir='ltr'><em> </em></span> 
     </span>
    </p>
   </div>
   <div class='ocr_carea' id='block_1_5' title="bbox 375 2129 2197 3714">
    <p class='ocr_par' dir='ltr' id='par_1_10' title="bbox 375 2129 2197 3714">
     <span class='ocr_line' id='line_1_14' title="bbox 387 2129 2197 2210; baseline 0.003 -26"><span class='ocrx_word' id='word_1_69' title='bbox 387 2150 522 2207; x_wconf 82' lang='lat' dir='ltr'>quae</span> <span class='ocrx_word' id='word_1_70' title='bbox 557 2150 666 2186; x_wconf 85' lang='lat' dir='ltr'><em>non</em></span> <span class='ocrx_word' id='word_1_71' title='bbox 702 2143 828 2188; x_wconf 83' lang='lat' dir='ltr'>sunt</span> <span class='ocrx_word' id='word_1_72' title='bbox 853 2132 1090 2209; x_wconf 78' lang='lat' dir='ltr'><strong>Scymni,</strong></span> <span class='ocrx_word' id='word_1_73' title='bbox 1126 2132 1178 2189; x_wconf 99' lang='lat' dir='ltr'>A</span> <span class='ocrx_word' id='word_1_74' title='bbox 1213 2135 1287 2189; x_wconf 82' lang='lat' dir='ltr'><em>ita</em></span> <span class='ocrx_word' id='word_1_75' title='bbox 1312 2133 1547 2210; x_wconf 82' lang='lat' dir='ltr'>scriptos</span> <span class='ocrx_word' id='word_1_76' title='bbox 1572 2130 1755 2187; x_wconf 83' lang='lat' dir='ltr'><strong>habet:</strong></span> <span class='ocrx_word' id='word_1_77' title='bbox 1794 2129 1860 2187; x_wconf 81' lang='grc' dir='ltr'><em>οὗ</em></span> <span class='ocrx_word' id='word_1_78' title='bbox 1884 2137 2110 2190; x_wconf 79' lang='grc' dir='ltr'><em>δυνατὸν</em></span> <span class='ocrx_word' id='word_1_79' title='bbox 2135 2139 2197 2190; x_wconf 77' lang='grc' dir='ltr'><em>δέ</em></span> 
     </span>
     <span class='ocr_line' id='line_1_15' title="bbox 385 2223 2187 2303; baseline 0.003 -23"><span class='ocrx_word' id='word_1_80' title='bbox 385 2232 524 2281; x_wconf 70' lang='grc' dir='ltr'><em>ἐστιν</em></span> <span class='ocrx_word' id='word_1_81' title='bbox 559 2223 671 2282; x_wconf 73' lang='grc' dir='ltr'><em>ἀπὸ</em></span> <span class='ocrx_word' id='word_1_82' title='bbox 707 2226 902 2299; x_wconf 77' lang='grc' dir='ltr'><em>ταύτης</em></span> <span class='ocrx_word' id='word_1_83' title='bbox 932 2228 1106 2303; x_wconf 83' lang='grc' dir='ltr'><em>χώραν</em></span> <span class='ocrx_word' id='word_1_84' title='bbox 1143 2233 1284 2295; x_wconf 73' lang='grc' dir='ltr'><em>ἰδεῖν,</em></span> <span class='ocrx_word' id='word_1_85' title='bbox 1321 2233 1510 2302; x_wconf 81' lang='grc' dir='ltr'><em>καίπερ</em></span> <span class='ocrx_word' id='word_1_86' title='bbox 1539 2224 1839 2298; x_wconf 72' lang='grc' dir='ltr'><em>ἀπεχούσης</em></span> <span class='ocrx_word' id='word_1_87' title='bbox 1873 2225 2041 2301; x_wconf 75' lang='grc' dir='ltr'><strong><em>αὐτῆς</em></strong></span> <span class='ocrx_word' id='word_1_88' title='bbox 2076 2226 2187 2285; x_wconf 79' lang='grc' dir='ltr'><em>ἇπό</em></span> 
     </span>
     <span class='ocr_line' id='line_1_16' title="bbox 385 2318 2187 2397; baseline 0.003 -23"><span class='ocrx_word' id='word_1_89' title='bbox 385 2319 478 2388; x_wconf 72' lang='grc' dir='ltr'><em>τῆς</em></span> <span class='ocrx_word' id='word_1_90' title='bbox 508 2318 727 2395; x_wconf 77' lang='grc' dir='ltr'><em>ἠπείρου</em></span> <span class='ocrx_word' id='word_1_91' title='bbox 763 2327 1016 2384; x_wconf 80' lang='grc' dir='ltr'><em>σταδίους</em></span> <span class='ocrx_word' id='word_1_92' title='bbox 1052 2325 1114 2378; x_wconf 66' lang='lat' dir='ltr'><em>iv.</em></span> <span class='ocrx_word' id='word_1_93' title='bbox 1136 2365 1148 2379; x_wconf 91' lang='lat'><strong>.</strong></span> <span class='ocrx_word' id='word_1_94' title='bbox 1170 2365 1183 2378; x_wconf 89' lang='lat'>.</span> <span class='ocrx_word' id='word_1_95' title='bbox 1221 2324 1287 2386; x_wconf 83' lang='grc' dir='ltr'><em>ὥς</em></span> <span class='ocrx_word' id='word_1_96' title='bbox 1322 2326 1386 2394; x_wconf 77' lang='grc' dir='ltr'><em>δὴ</em></span> <span class='ocrx_word' id='word_1_97' title='bbox 1411 2321 1703 2396; x_wconf 78' lang='grc' dir='ltr'><em>συγγράφει</em></span> <span class='ocrx_word' id='word_1_98' title='bbox 1726 2323 2033 2397; x_wconf 78' lang='grc' dir='ltr'><em>Δημήτριος.</em></span> <span class='ocrx_word' id='word_1_99' title='bbox 2073 2342 2187 2380; x_wconf 81' lang='lat' dir='ltr'><em>cor·</em></span> 
     </span>
     <span class='ocr_line' id='line_1_17' title="bbox 385 2414 2185 2492; baseline 0.001 -22"><span class='ocrx_word' id='word_1_100' title='bbox 385 2415 528 2470; x_wconf 82' lang='lat' dir='ltr'><strong>rexit</strong></span> <span class='ocrx_word' id='word_1_101' title='bbox 561 2423 621 2470; x_wconf 82' lang='lat' dir='ltr'><em>ut</em></span> <span class='ocrx_word' id='word_1_102' title='bbox 656 2434 817 2492; x_wconf 86' lang='lat' dir='ltr'>supra</span> <span class='ocrx_word' id='word_1_103' title='bbox 853 2414 1113 2492; x_wconf 76' lang='lat' dir='ltr'><strong>adscripti</strong></span> <span class='ocrx_word' id='word_1_104' title='bbox 1148 2426 1274 2472; x_wconf 81' lang='lat' dir='ltr'>sunt</span> <span class='ocrx_word' id='word_1_105' title='bbox 1309 2415 1379 2484; x_wconf 90' lang='lat' dir='ltr'><em>L,</em></span> <span class='ocrx_word' id='word_1_106' title='bbox 1426 2425 1554 2470; x_wconf 83' lang='lat' dir='ltr'>suut</span> <span class='ocrx_word' id='word_1_107' title='bbox 1593 2424 1771 2470; x_wconf 82' lang='lat' dir='ltr'>tamon</span> <span class='ocrx_word' id='word_1_108' title='bbox 1808 2435 1942 2491; x_wconf 83' lang='lat' dir='ltr'>quae</span> <span class='ocrx_word' id='word_1_109' title='bbox 1978 2415 2185 2472; x_wconf 84' lang='lat' dir='ltr'>dubita-</span> 
     </span>
     <span class='ocr_line' id='line_1_18' title="bbox 385 2510 2184 2584; baseline 0.001 -19"><span class='ocrx_word' id='word_1_110' title='bbox 385 2511 588 2565; x_wconf 73' lang='lat' dir='ltr'>tionem</span> <span class='ocrx_word' id='word_1_111' title='bbox 622 2518 887 2565; x_wconf 76' lang='lat' dir='ltr'>moveant.</span> <span class='ocrx_word' id='word_1_112' title='bbox 1033 2513 1152 2566; x_wconf 82' lang='lat'><strong>797.</strong></span> <span class='ocrx_word' id='word_1_113' title='bbox 1197 2510 1348 2567; x_wconf 76' lang='grc' dir='ltr'><em>οὗτοι</em></span> <span class='ocrx_word' id='word_1_114' title='bbox 1376 2511 1580 2584; x_wconf 67' lang='grc' dir='ltr'><strong><em>Θρᾷκες</em></strong></span> <span class='ocrx_word' id='word_1_115' title='bbox 1616 2515 1707 2565; x_wconf 82' lang='grc' dir='ltr'><em>καὶ</em></span> <span class='ocrx_word' id='word_1_116' title='bbox 1742 2511 2059 2584; x_wconf 80' lang='grc' dir='ltr'><em>Βαστάρναι</em></span> <span class='ocrx_word' id='word_1_117' title='bbox 2092 2519 2184 2567; x_wconf 72' lang='grc' dir='ltr'><em>ἰπ-</em></span> 
     </span>
     <span class='ocr_line' id='line_1_19' title="bbox 384 2601 2181 2680; baseline 0.001 -21"><span class='ocrx_word' id='word_1_118' title='bbox 384 2606 563 2675; x_wconf 78' lang='grc' dir='ltr'><em>ἡλυὸες</em></span> <span class='ocrx_word' id='word_1_119' title='bbox 596 2601 662 2658; x_wconf 92' lang='lat' dir='ltr'><em>A.</em></span> <span class='ocrx_word' id='word_1_120' title='bbox 753 2601 1006 2660; x_wconf 81' lang='lat' dir='ltr'>Correxit</span> <span class='ocrx_word' id='word_1_121' title='bbox 1051 2613 1112 2659; x_wconf 83' lang='lat' dir='ltr'><em>ut</em></span> <span class='ocrx_word' id='word_1_122' title='bbox 1155 2603 1329 2680; x_wconf 85' lang='lat' dir='ltr'>aliqua</span> <span class='ocrx_word' id='word_1_123' title='bbox 1375 2604 1532 2658; x_wconf 84' lang='lat' dir='ltr'>metri</span> <span class='ocrx_word' id='word_1_124' title='bbox 1569 2605 1780 2680; x_wconf 82' lang='lat' dir='ltr'>species</span> <span class='ocrx_word' id='word_1_125' title='bbox 1824 2611 2075 2680; x_wconf 78' lang='lat' dir='ltr'><strong>appareat</strong></span> <span class='ocrx_word' id='word_1_126' title='bbox 2109 2604 2181 2673; x_wconf 84' lang='lat' dir='ltr'><em>M,</em></span> 
     </span>
     <span class='ocr_line' id='line_1_20' title="bbox 386 2695 2181 2773; baseline -0.001 -18"><span class='ocrx_word' id='word_1_127' title='bbox 386 2695 537 2755; x_wconf 74' lang='grc' dir='ltr'><em>οὗτοι</em></span> <span class='ocrx_word' id='word_1_128' title='bbox 580 2703 635 2754; x_wconf 75' lang='grc' dir='ltr'><em>δὲ</em></span> <span class='ocrx_word' id='word_1_129' title='bbox 674 2703 878 2772; x_wconf 76' lang='grc' dir='ltr'><strong><em>Θρᾷκες</em></strong></span> <span class='ocrx_word' id='word_1_130' title='bbox 913 2698 1232 2773; x_wconf 80' lang='grc' dir='ltr'><em>Βαστράναι</em></span> <span class='ocrx_word' id='word_1_131' title='bbox 1272 2696 1328 2752; x_wconf 71' lang='grc' dir='ltr'><em>τ’</em></span> <span class='ocrx_word' id='word_1_132' title='bbox 1355 2700 1600 2769; x_wconf 71' lang='grc' dir='ltr'><em>ἐπήλυδες</em></span> <span class='ocrx_word' id='word_1_133' title='bbox 1635 2696 1695 2753; x_wconf 84' lang='lat' dir='ltr'><em>L.</em></span> <span class='ocrx_word' id='word_1_134' title='bbox 1850 2700 1955 2753; x_wconf 83' lang='grc'><em>798</em></span> <span class='ocrx_word' id='word_1_135' title='bbox 1977 2730 2039 2741; x_wconf 91' lang='grc'><strong>-</strong></span> <span class='ocrx_word' id='word_1_136' title='bbox 2060 2698 2181 2754; x_wconf 82' lang='grc'><strong>824.</strong></span> 
     </span>
     <span class='ocr_line' id='line_1_21' title="bbox 383 2788 2183 2871; baseline 0 -23"><span class='ocrx_word' id='word_1_137' title='bbox 383 2791 435 2848; x_wconf 85' lang='grc' dir='ltr'><strong>Α</strong></span> <span class='ocrx_word' id='word_1_138' title='bbox 478 2814 532 2871; x_wconf 88' lang='lat' dir='ltr'><em>p.</em></span> <span class='ocrx_word' id='word_1_139' title='bbox 567 2796 616 2848; x_wconf 89' lang='lat'><em>3.</em></span> <span class='ocrx_word' id='word_1_140' title='bbox 705 2790 821 2847; x_wconf 89' lang='lat' dir='ltr'>Hos</span> <span class='ocrx_word' id='word_1_141' title='bbox 863 2812 1081 2855; x_wconf 80' lang='lat' dir='ltr'>versus,</span> <span class='ocrx_word' id='word_1_142' title='bbox 1133 2812 1270 2869; x_wconf 85' lang='lat' dir='ltr'>quos</span> <span class='ocrx_word' id='word_1_143' title='bbox 1314 2790 1548 2848; x_wconf 83' lang='lat' dir='ltr'>Vossius</span> <span class='ocrx_word' id='word_1_144' title='bbox 1597 2799 1652 2846; x_wconf 82' lang='lat' dir='ltr'><em>et</em></span> <span class='ocrx_word' id='word_1_145' title='bbox 1697 2788 2011 2847; x_wconf 84' lang='lat' dir='ltr'>Holstenius</span> <span class='ocrx_word' id='word_1_146' title='bbox 2055 2802 2183 2870; x_wconf 85' lang='lat' dir='ltr'>post</span> 
     </span>
     <span class='ocr_line' id='line_1_22' title="bbox 383 2882 2180 2964; baseline -0.001 -21"><span class='ocrx_word' id='word_1_147' title='bbox 383 2906 461 2943; x_wconf 81' lang='lat' dir='ltr'>vs.</span> <span class='ocrx_word' id='word_1_148' title='bbox 494 2889 600 2943; x_wconf 83' lang='lat'><em>824</em></span> <span class='ocrx_word' id='word_1_149' title='bbox 647 2885 1028 2955; x_wconf 84' lang='lat' dir='ltr'>exhibuerunt,</span> <span class='ocrx_word' id='word_1_150' title='bbox 1074 2886 1179 2943; x_wconf 86' lang='lat' dir='ltr'><em>hoc</em></span> <span class='ocrx_word' id='word_1_151' title='bbox 1223 2885 1346 2943; x_wconf 90' lang='lat' dir='ltr'>loco</span> <span class='ocrx_word' id='word_1_152' title='bbox 1389 2887 1576 2964; x_wconf 81' lang='lat' dir='ltr'>posuit</span> <span class='ocrx_word' id='word_1_153' title='bbox 1609 2882 1667 2939; x_wconf 88' lang='lat' dir='ltr'><em>F.</em></span> <span class='ocrx_word' id='word_1_154' title='bbox 1832 2887 1949 2940; x_wconf 88' lang='grc'><strong>798.</strong></span> <span class='ocrx_word' id='word_1_155' title='bbox 2000 2884 2180 2942; x_wconf 60' lang='lat' dir='ltr'><em>‹ivm-9⁸.</em></span> 
     </span>
     <span class='ocr_line' id='line_1_23' title="bbox 384 2976 2179 3049; baseline -0.001 -12"><span class='ocrx_word' id='word_1_156' title='bbox 384 2983 586 3039; x_wconf 84' lang='grc' dir='ltr'><em>τούτων</em></span> <span class='ocrx_word' id='word_1_157' title='bbox 623 2979 703 3049; x_wconf 84' lang='grc' dir='ltr'><em>Μ,</em></span> <span class='ocrx_word' id='word_1_158' title='bbox 741 2979 951 3037; x_wconf 76' lang='grc' dir='ltr'><em>ἄνωθεν</em></span> <span class='ocrx_word' id='word_1_159' title='bbox 988 2987 1042 3037; x_wconf 79' lang='grc' dir='ltr'><em>δὲ</em></span> <span class='ocrx_word' id='word_1_160' title='bbox 1078 2985 1280 3038; x_wconf 83' lang='grc' dir='ltr'><em>τούτων</em></span> <span class='ocrx_word' id='word_1_161' title='bbox 1315 2981 1390 3048; x_wconf 90' lang='lat' dir='ltr'><em>A,</em></span> <span class='ocrx_word' id='word_1_162' title='bbox 1431 2980 1537 3036; x_wconf 81' lang='grc' dir='ltr'><em>ἅνω</em></span> <span class='ocrx_word' id='word_1_163' title='bbox 1577 2984 1631 3034; x_wconf 76' lang='grc' dir='ltr'><em>δὲ</em></span> <span class='ocrx_word' id='word_1_164' title='bbox 1667 2976 1867 3032; x_wconf 77' lang='grc' dir='ltr'><em>τούτων</em></span> <span class='ocrx_word' id='word_1_165' title='bbox 1901 2977 1973 3047; x_wconf 85' lang='lat' dir='ltr'><em>F,</em></span> <span class='ocrx_word' id='word_1_166' title='bbox 2009 2979 2179 3036; x_wconf 77' lang='grc' dir='ltr'><em>ἐπάνω</em></span> 
     </span>
     <span class='ocr_line' id='line_1_24' title="bbox 385 3070 2179 3152; baseline -0.001 -20"><span class='ocrx_word' id='word_1_167' title='bbox 385 3081 440 3133; x_wconf 85' lang='grc' dir='ltr'><em>δε</em></span> <span class='ocrx_word' id='word_1_168' title='bbox 477 3075 678 3132; x_wconf 80' lang='grc' dir='ltr'><em>τούτων</em></span> <span class='ocrx_word' id='word_1_169' title='bbox 715 3073 779 3130; x_wconf 85' lang='lat' dir='ltr'><em>L.</em></span> <span class='ocrx_word' id='word_1_170' title='bbox 849 3081 1059 3138; x_wconf 77' lang='grc' dir='ltr'><em>Σκυθὶς</em></span> <span class='ocrx_word' id='word_1_171' title='bbox 1094 3077 1158 3147; x_wconf 80' lang='grc' dir='ltr'><em>γῆ</em></span> <span class='ocrx_word' id='word_1_172' title='bbox 1194 3095 1295 3152; x_wconf 84' lang='lat' dir='ltr'><em>pro</em></span> <span class='ocrx_word' id='word_1_173' title='bbox 1331 3076 1578 3145; x_wconf 77' lang='grc' dir='ltr'><em>Σκυθική</em></span> <span class='ocrx_word' id='word_1_174' title='bbox 1613 3070 1687 3140; x_wconf 86' lang='lat' dir='ltr'><em>L,</em></span> <span class='ocrx_word' id='word_1_175' title='bbox 1723 3091 1791 3127; x_wconf 76' lang='lat' dir='ltr'><em>an</em></span> <span class='ocrx_word' id='word_1_176' title='bbox 1827 3079 2049 3129; x_wconf 77' lang='grc' dir='ltr'><em>Σκυθία</em></span> <span class='ocrx_word' id='word_1_177' title='bbox 2083 3074 2179 3146; x_wconf 69' lang='grc' dir='ltr'><em>γῆῗ</em></span> 
     </span>
     <span class='ocr_line' id='line_1_25' title="bbox 383 3161 2180 3246; baseline -0.003 -19"><span class='ocrx_word' id='word_1_178' title='bbox 383 3173 506 3228; x_wconf 87' lang='grc'><strong>801.</strong></span> <span class='ocrx_word' id='word_1_179' title='bbox 531 3173 814 3232; x_wconf 81' lang='grc' dir='ltr'><em>Καλπίδας</em></span> <span class='ocrx_word' id='word_1_180' title='bbox 837 3167 899 3225; x_wconf 88' lang='lat' dir='ltr'><em>L.</em></span> <span class='ocrx_word' id='word_1_181' title='bbox 951 3167 1018 3225; x_wconf 83' lang='lat' dir='ltr'><em>cf.</em></span> <span class='ocrx_word' id='word_1_182' title='bbox 1041 3167 1286 3224; x_wconf 84' lang='lat' dir='ltr'><strong>Niebuhr</strong></span> <span class='ocrx_word' id='word_1_183' title='bbox 1309 3166 1511 3246; x_wconf 87' lang='lat' dir='ltr'>Opusc.</span> <span class='ocrx_word' id='word_1_184' title='bbox 1540 3166 1564 3222; x_wconf 92' lang='lat'>1</span> <span class='ocrx_word' id='word_1_185' title='bbox 1587 3187 1641 3244; x_wconf 87' lang='lat' dir='ltr'><em>p.</em></span> <span class='ocrx_word' id='word_1_186' title='bbox 1659 3168 1781 3222; x_wconf 82' lang='lat'><strong>359.</strong></span> <span class='ocrx_word' id='word_1_187' title='bbox 1888 3170 2008 3224; x_wconf 81' lang='lat'>8⁰2.</span> <span class='ocrx_word' id='word_1_188' title='bbox 2048 3161 2180 3223; x_wconf 78' lang='grc' dir='ltr'><em>εἶτεν</em></span> 
     </span>
     <span class='ocr_line' id='line_1_26' title="bbox 378 3257 2181 3341; baseline -0.003 -19"><span class='ocrx_word' id='word_1_189' title='bbox 378 3266 666 3341; x_wconf 72' lang='grc' dir='ltr'><em>Ἅροτῆρας</em></span> <span class='ocrx_word' id='word_1_190' title='bbox 689 3261 753 3332; x_wconf 81' lang='lat' dir='ltr'><em>L,</em></span> <span class='ocrx_word' id='word_1_191' title='bbox 791 3257 894 3319; x_wconf 63' lang='grc' dir='ltr'><em>εἶτ’</em></span> <span class='ocrx_word' id='word_1_192' title='bbox 916 3269 1258 3338; x_wconf 82' lang='grc' dir='ltr'><em>αναρωτῆρας</em></span> <span class='ocrx_word' id='word_1_193' title='bbox 1295 3261 1342 3332; x_wconf 72' lang='grc' dir='ltr'><em>(ἒ</em></span> <span class='ocrx_word' id='word_1_194' title='bbox 1361 3281 1477 3340; x_wconf 82' lang='lat' dir='ltr'>sup.</span> <span class='ocrx_word' id='word_1_195' title='bbox 1502 3262 1593 3331; x_wconf 81' lang='grc' dir='ltr'><em>αν)</em></span> <span class='ocrx_word' id='word_1_196' title='bbox 1618 3261 1684 3318; x_wconf 85' lang='grc' dir='ltr'><em>Α.</em></span> <span class='ocrx_word' id='word_1_197' title='bbox 1798 3264 1918 3319; x_wconf 85' lang='grc'><strong>803.</strong></span> <span class='ocrx_word' id='word_1_198' title='bbox 1942 3260 2181 3336; x_wconf 66' lang='grc' dir='ltr'><em>Νευρους</em></span> 
     </span>
     <span class='ocr_line' id='line_1_27' title="bbox 383 3355 2178 3434; baseline -0.002 -20"><span class='ocrx_word' id='word_1_199' title='bbox 383 3382 441 3414; x_wconf 83' lang='grc' dir='ltr'><em>τε</em></span> <span class='ocrx_word' id='word_1_200' title='bbox 464 3364 614 3434; x_wconf 73' lang='grc' dir='ltr'><em>μέχρι</em></span> <span class='ocrx_word' id='word_1_201' title='bbox 629 3356 882 3426; x_wconf 75' lang='lat' dir='ltr'><em>Vossius,</em></span> <span class='ocrx_word' id='word_1_202' title='bbox 917 3361 1156 3433; x_wconf 81' lang='grc' dir='ltr'><em>Νεύρους</em></span> <span class='ocrx_word' id='word_1_203' title='bbox 1179 3356 1232 3412; x_wconf 64' lang='grc' dir='ltr'><em>τ’</em></span> <span class='ocrx_word' id='word_1_204' title='bbox 1257 3355 1405 3432; x_wconf 76' lang='grc' dir='ltr'><strong><em>ἄχρις</em></strong></span> <span class='ocrx_word' id='word_1_205' title='bbox 1428 3355 1492 3424; x_wconf 86' lang='lat' dir='ltr'><em>L,</em></span> <span class='ocrx_word' id='word_1_206' title='bbox 1529 3359 1837 3432; x_wconf 71' lang='grc' dir='ltr'><em>Νευροίντας</em></span> <span class='ocrx_word' id='word_1_207' title='bbox 1860 3381 1917 3412; x_wconf 87' lang='grc' dir='ltr'><em>τε</em></span> <span class='ocrx_word' id='word_1_208' title='bbox 1942 3364 2091 3430; x_wconf 72' lang='grc' dir='ltr'><em>μέχρι</em></span> <span class='ocrx_word' id='word_1_209' title='bbox 2115 3355 2178 3411; x_wconf 88' lang='grc' dir='ltr'><em>Α.</em></span> 
     </span>
     <span class='ocr_line' id='line_1_28' title="bbox 385 3451 2187 3528; baseline -0.002 -19"><span class='ocrx_word' id='word_1_210' title='bbox 385 3452 555 3526; x_wconf 76' lang='grc' dir='ltr'><em>πάγον</em></span> <span class='ocrx_word' id='word_1_211' title='bbox 590 3452 671 3523; x_wconf 75' lang='grc' dir='ltr'><em>Μ,</em></span> <span class='ocrx_word' id='word_1_212' title='bbox 718 3456 897 3526; x_wconf 81' lang='grc' dir='ltr'><em>πάγων</em></span> <span class='ocrx_word' id='word_1_213' title='bbox 944 3451 1010 3510; x_wconf 89' lang='lat' dir='ltr'><em>A.</em></span> <span class='ocrx_word' id='word_1_214' title='bbox 1167 3453 1286 3508; x_wconf 78' lang='lat'><strong>804.</strong></span> <span class='ocrx_word' id='word_1_215' title='bbox 1325 3453 1599 3522; x_wconf 68' lang='grc' dir='ltr'><em>διαβάντιῖ</em></span> <span class='ocrx_word' id='word_1_216' title='bbox 1739 3455 1858 3507; x_wconf 86' lang='grc'><strong>805.</strong></span> <span class='ocrx_word' id='word_1_217' title='bbox 1902 3455 1998 3520; x_wconf 85' lang='grc' dir='ltr'><em>τὴν</em></span> <span class='ocrx_word' id='word_1_218' title='bbox 2030 3456 2187 3528; x_wconf 34' lang='lat' dir='ltr'><em>steyn-¹</em></span> 
     </span>
     <span class='ocr_line' id='line_1_29' title="bbox 383 3541 2178 3623; baseline -0.003 -20"><span class='ocrx_word' id='word_1_219' title='bbox 383 3552 536 3620; x_wconf 78' lang='grc' dir='ltr'><em>μένην</em></span> <span class='ocrx_word' id='word_1_220' title='bbox 578 3546 660 3616; x_wconf 79' lang='grc' dir='ltr'><em>Μ,</em></span> <span class='ocrx_word' id='word_1_221' title='bbox 707 3550 832 3611; x_wconf 81' lang='grc' dir='ltr'><em>τοὺς</em></span> <span class='ocrx_word' id='word_1_222' title='bbox 876 3550 972 3620; x_wconf 80' lang='grc' dir='ltr'><em>τὴν</em></span> <span class='ocrx_word' id='word_1_223' title='bbox 1016 3553 1289 3623; x_wconf 78' lang='grc' dir='ltr'><em>λεγομένην</em></span> <span class='ocrx_word' id='word_1_224' title='bbox 1333 3545 1410 3613; x_wconf 91' lang='lat' dir='ltr'><em>A,</em></span> <span class='ocrx_word' id='word_1_225' title='bbox 1455 3549 1582 3608; x_wconf 81' lang='grc' dir='ltr'><em>τοὺς</em></span> <span class='ocrx_word' id='word_1_226' title='bbox 1625 3551 1897 3618; x_wconf 76' lang='grc' dir='ltr'><em>λεγομένην</em></span> <span class='ocrx_word' id='word_1_227' title='bbox 1928 3541 2178 3599; x_wconf 75' lang='lat' dir='ltr'>Vossius.</span> 
     </span>
     <span class='ocr_line' id='line_1_30' title="bbox 375 3637 1925 3714; baseline -0.002 -17"><span class='ocrx_word' id='word_1_228' title='bbox 375 3642 592 3697; x_wconf 75' lang='grc' dir='ltr'><em>Ὕλαιαν</em></span> <span class='ocrx_word' id='word_1_229' title='bbox 616 3639 874 3711; x_wconf 78' lang='lat' dir='ltr'>Vossius,</span> <span class='ocrx_word' id='word_1_230' title='bbox 912 3643 1101 3713; x_wconf 74' lang='grc' dir='ltr'><em>Ὕβλαν</em></span> <span class='ocrx_word' id='word_1_231' title='bbox 1137 3640 1202 3697; x_wconf 91' lang='lat' dir='ltr'><em>A.</em></span> <span class='ocrx_word' id='word_1_232' title='bbox 1276 3638 1389 3698; x_wconf 81' lang='lat' dir='ltr'><strong>cfr.</strong></span> <span class='ocrx_word' id='word_1_233' title='bbox 1427 3637 1726 3695; x_wconf 77' lang='lat' dir='ltr'>Commeat.</span> <span class='ocrx_word' id='word_1_234' title='bbox 1762 3659 1815 3714; x_wconf 89' lang='lat' dir='ltr'><em>p.</em></span> <span class='ocrx_word' id='word_1_235' title='bbox 1840 3638 1925 3703; x_wconf 82' lang='lat'><em>49.</em></span> 
     </span>
    </p>
   </div>
  </div>
 </body>
</html>
