3067 4575
754 549 907 649 —rc—

422 756 578 846 euixovo’
589 754 671 839 Ἴος,
693 753 764 826 εἶτα
785 752 917 839 Νάξος,
936 754 1022 844 μετὰ
1042 754 1168 840 ταύτην
1188 761 1262 826 Πε-

1158 883 1286 968 λασγία

421 969 557 1058 Σκῦρος
579 1007 622 1018 -

378 1128 510 1196 Cimolo
532 1125 656 1192 insulae
677 1125 801 1192 nullum
821 1126 875 1192 bic
895 1126 1004 1196 lomna
1025 1149 1097 1194 esse
1117 1131 1174 1214 qni
1190 1127 1286 1202 intel-
1400 1130 1402 1133 ’

378 1251 454 1316 lexit
468 1253 659 1328 Letronnus,
680 1270 748 1314 non
770 1247 912 1314 debebat
924 1261 1033 1316 tanen
1046 1249 1196 1330 Σὰηνος
1209 1251 1286 1316 snb-

378 1378 516 1452 stituere,
539 1395 621 1458 quae
642 1375 758 1438 vitiosa
780 1383 832 1438 est
852 1372 966 1439 forna.
1008 1373 1120 1460 Itaque
1144 1377 1285 1440 sirecte

378 1499 520 1564 Sicinum
552 1493 688 1560 insulam
722 1497 775 1560 bic
802 1495 1110 1560 commemorandam
1146 1499 1286 1563 coniecit

378 1623 429 1684 vir
451 1618 661 1695 doctissimus,
683 1616 885 1683 scribendum
908 1622 970 1684 erit
990 1624 1027 1684 lv
1048 1614 1121 1684 αἷσι
1132 1597 1284 1696 Σίκινας.

379 1744 423 1808 At
438 1742 547 1806 forsan
562 1745 598 1806 ἐν
612 1736 681 1808 αἷσι
693 1741 816 1820 Μῆλος
828 1752 977 1827 praestat
991 1764 1075 1828 qnae
1085 1740 1284 1829 Sporadibus

381 1876 568 1942 accensetur
590 1885 609 1928 a
631 1862 737 1928 Plinio
760 1865 834 1928 HN.
856 1865 914 1944 lv,
936 1866 994 1944 12,
1016 1867 1061 1932 70
1083 1876 1118 1930 ct
1135 1865 1283 1930 Eustatb

380 1986 423 2052 ad
445 1987 585 2072 Dionys.
608 1988 683 2066 530,
705 1985 776 2050 aliis
799 2009 870 2052 eam
890 1985 1026 2052 insulana
1046 1990 1082 2052 in
1103 1987 1285 2075 Cycladum

378 2131 513 2176 numero
537 2109 735 2175 habentibus.
782 2111 921 2176 Versum
942 2112 1085 2189 tertium,
1113 2134 1208 2198 quem
1229 2110 1285 2176 ad-

379 2235 492 2319 scripsi
519 2243 556 2298 ut
582 2231 702 2321 legitur
729 2235 763 2297 in
786 2231 915 2313 codice,
942 2255 1053 2321 pamm
1075 2233 1285 2322 probabiliter
1400 2218 1402 2223 ¹

378 2357 562 2421 Letronnus
584 2359 629 2421 ita
651 2359 789 2421 correxit
809 2368 846 2422 nt
866 2352 937 2422 εἶτα
954 2357 1110 2423 scriberet
1123 2379 1185 2447 pro
1199 2350 1285 2444 μετὰ

378 2475 514 2559 ταύτην.
559 2477 799 2567 corrigendum
820 2479 962 2546 ridetur:

417 2595 494 2680 Ἴος,
516 2596 587 2667 εἶτα
608 2598 731 2682 Νάξος,
756 2595 840 2686 μετὰ
861 2602 897 2669 ot
917 2597 1042 2684 ταύτην
1061 2604 1205 2688 πελαγία
1224 2637 1270 2653 -

381 2725 450 2789 Etsi
473 2726 556 2789 enim
579 2725 700 2812 Scyrus
722 2735 811 2790 recte
829 2725 974 2812 Pelasgia
996 2724 1150 2813 appellari
1169 2726 1285 2812 potnit,

379 2868 448 2913 non
465 2849 568 2913 minus
582 2858 670 2913 recte
685 2858 793 2913 tamen
806 2859 941 2915 vocatur
952 2850 1104 2933 πελαγία,
1125 2848 1286 2934 frequenti

379 2968 553 3037 insularum
577 2971 731 3056 epithet03
755 2968 924 3057 ἀπέχουσα
944 2982 1050 3039 autern
1065 2995 1103 3039 er
1116 2973 1286 3059 superiore

379 3114 476 3159 versu
496 3097 668 3180 repetitum
690 3094 794 3161 videri
815 3105 932 3183 potest.

733 3433 929 3456 ---—
