3067 4575
741 522 890 623 „Q

365 733 541 813 Μιλησίιιν
561 733 671 799 κτίσαι
691 754 726 797 τε
748 726 872 809 ταύτας
892 725 954 809 τάς
973 725 1094 811 πόλεις,

363 851 405 933 άς
427 860 472 932 είς
490 848 668 943 Ἄμαστριν
687 848 826 942 ὕστερον
848 848 1032 939 συνήγαγεν

363 981 417 1045 ἐπὶ
438 980 504 1044 τῶν
524 973 635 1043 τόσων
656 974 784 1045 κτίσασ’
805 972 979 1063 ὁμόνομον
999 973 1097 1045 πόλιν

361 1096 549 1188 Ἅμαστρις,
568 1096 758 1187 Ὀξυάθρου
779 1101 840 1183 μὲν
861 1104 1076 1188 ἱστορουμένη

295 1230 346 1283 965
364 1221 518 1311 θυγάτηρ
541 1218 711 1312 ὑπάρχειν,
733 1219 777 1300 ὡς
797 1215 910 1307 λόγος,
932 1226 992 1289 τοῦ
1013 1225 1190 1310 Περσικοῦ,

363 1348 424 1418 τοῦ
445 1344 476 1413 δ’
491 1344 691 1434 Ἡρακλείας
712 1349 872 1431 γενομένη
893 1345 1068 1415 Διονυσίου

362 1464 444 1555 γυνὴ
465 1464 637 1555 τυράννου.

362 1592 561 1679 Παρθένιος
864 1581 961 1669 οὗτος
983 1588 1003 1657 ὁ
1024 1587 1176 1686 ποταμός

363 1707 491 1791 πλωτός
511 1716 707 1803 καταφέρων
732 1715 875 1802 ῥεῖθρον
895 1708 1116 1799 ἡσυχότατον.

294 1848 346 1901 970
853 1842 890 1903 ἐν
910 1833 941 1901 δ’
960 1833 1050 1920 αὐτῷ
1070 1830 1169 1919 λόγος

361 1958 547 2047 Ἀρτέμιδος
569 1952 651 2025 εἶναι
673 1953 813 2047 λουτρόν
835 1963 1106 2050 ἐπιφανέστατον.

364 2078 421 2148 εἶτ’
440 2082 528 2147 ίστιν
546 2078 741 2169 Ἡράκλεια,
763 2081 922 2149 Βοιωτῶν
942 2084 1045 2159 κτίσις

363 2206 419 2271 καὶ
442 2206 640 2294 Μεγαρέων·
662 2198 756 2282 ἐντός
778 2205 813 2271 δὲ
834 2200 958 2285 ταύτην
977 2204 1142 2271 Κυανέων

363 2327 526 2408 κτίζουσιν
548 2325 754 2415 ὁρμηθέντες
779 2322 847 2394 άιιό
868 2330 928 2408 τῆς
945 2324 1104 2406 Ἑλλάδος

294 2465 345 2517 975
363 2449 444 2518 καθ’
466 2445 524 2528 οὓς
542 2445 682 2537 χρόνους
704 2446 863 2536 ἐκράτησε
883 2450 998 2539 Κῦρος
1020 2451 1166 2532 Μηδίας.

414 2673 475 2727 961.
499 2678 590 2727 κτίσαι
611 2695 640 2728 τε
663 2690 713 2749 pro
736 2677 782 2728 καὶ
799 2677 890 2727 κτίσαι
906 2669 937 2728 L.
977 2674 1079 2734 ταύτας
1099 2675 1150 2734 τάς
1167 2669 1266 2738 πόλεις]

363 2763 451 2832 Tium,
470 2762 616 2838 Cytorum,
639 2763 783 2822 Cromnam
806 2774 834 2822 ιι
850 2764 990 2822 sesamum
1010 2765 1090 2832 dicit,
1113 2773 1143 2820 ut
1161 2773 1268 2821 constat

362 2881 378 2916 e
396 2857 485 2916 strab.
503 2857 556 2915 XV
573 2879 601 2936 p.
614 2863 680 2925 546,
701 2879 812 2935 quarum
829 2858 935 2915 urbium
951 2861 1058 2916 nomina
1076 2861 1104 2915 in
1121 2859 1267 2936 superiori·

362 2953 414 3008 bus
433 2971 655 3010 commemorasse
671 2952 794 3019 videtum
815 2955 869 3010 nisi
886 2973 946 3010 cum
963 2951 1094 3010 Ηοόεοοο
1111 2951 1189 3010 malis
1206 2959 1267 3009 τίτ-

361 3071 447 3122 τοιρας
458 3049 552 3110 πόλεις.
599 3050 660 3104 963.
673 3053 722 3104 τῶν
735 3049 826 3105 τόπων
837 3047 874 3116 Μ,
886 3051 933 3106 τὸν
941 3048 1027 3106 τόπον
1034 3047 1067 3104 Β.
1114 3049 1175 3104 964.
1185 3045 1268 3108 Ὀξά-

361 3151 421 3215 θρα
447 3138 613 3198 Ηοίεῑεοίυε.
649 3144 686 3198 ita
713 3141 864 3220 appellatur
892 3162 908 3197 a
934 3138 1075 3198 Memnone
1102 3139 1175 3219 apud
1196 3139 1267 3197 Pho-

361 3235 427 3290 tium
441 3233 511 3291 Bibl.
530 3257 557 3312 p.
570 3238 631 3291 234.
650 3235 700 3292 sed
715 3235 867 3308 Ὀξυάθρης
878 3233 977 3292 Strabo
995 3233 1014 3290 l.
1026 3233 1045 3290 l.
1098 3237 1159 3292 965.
1177 3236 1267 3310 ὑπάρ-

359 3352 414 3399 χειν
432 3327 472 3394 Μ,
497 3330 658 3404 ὑπάρχουσα
670 3329 702 3385 Β.
772 3331 836 3385 ’966
854 3342 895 3405 sq}
919 3334 968 3386 τοῦ
992 3335 1020 3386 δὲ
1034 3330 1194 3405 Ἡρακλείας
1215 3331 1268 3386 τοῦ

361 3426 504 3481 Διονυσίου
521 3428 571 3478 τοῦ
589 3423 719 3497 τυράννου
737 3430 861 3496 γενομένη
878 3421 941 3496 γυνή
959 3423 992 3491 Β,
1013 3443 1082 3480 corr.
1101 3421 1132 3480 L.
1203 3425 1266 3482 969.

360 3522 512 3592 Παρθένιος
530 3515 569 3582 Μ,
586 3521 730 3590 Παρθίνης
747 3514 779 3572 Β.
807 3513 864 3572 cfr.
884 3515 987 3575 00an
1006 3540 1032 3597 p.
1045 3521 1089 3574 65.
1160 3519 1221 3574 970.
1240 3525 1267 3574 ἐκ

360 3611 387 3668 δ’
399 3610 470 3682 αὐτῷ
488 3613 565 3683 λόγος
578 3609 613 3678 Μ,
631 3619 657 3666 ίν
674 3608 747 3682 αὐτῷ
766 3613 887 3684 (λλ-λόγος
903 3610 936 3668 Β.
997 3615 1093 3669 9⁸12-
1105 3615 1140 3668 75
1157 3612 1182 3669 B
1200 3633 1226 3690 p.
1239 3616 1264 3669 4.

359 3705 420 3760 972.
442 3699 493 3761 εἶτ’
507 3711 577 3760 ἔστιν
594 3703 654 3762 add.
673 3702 704 3761 [ι.
1047 3697 1052 3706 ⁴
