3067 4575
728 568 877 666 Aa.

355 781 428 856 165,
453 801 491 842 ex
514 800 580 865 quo
603 777 755 842 Anaxilae
777 779 915 866 Rhegini
937 787 1057 862 patrem
1080 780 1123 840 ita
1147 776 1257 862 appel-

354 901 452 967 latum
474 901 572 966 luisse
595 900 754 966 discimus.
801 902 875 965 Fuit
897 904 970 964 item
994 900 1162 985 Ephesiaci
1186 901 1257 987 agri

355 1023 508 1112 oppidum
531 1025 737 1107 Κρητίναων
759 1045 778 1086 a
801 1023 973 1088 Parthenio
995 1025 1083 1088 Erot.
1108 1023 1170 1087 ea
1192 1045 1257 1086 me-

354 1157 526 1226 moratum,
553 1157 587 1211 et
607 1146 782 1210 incolarum
811 1149 941 1210 nomine
969 1149 1000 1210 οἱ
1026 1145 1188 1232 Κρητίναι
1210 1143 1258 1208 di-

356 1281 439 1335 etum
462 1293 480 1334 a
503 1271 673 1336 Plutarcho
696 1271 791 1334 Prov.
814 1271 842 1349 l,
866 1273 919 1336 57.
960 1266 1107 1356 Ἐφέσιοι
1128 1267 1256 1354 Κρητί-

354 1417 416 1470 νας
437 1388 616 1472 ἐκτήσαντο
645 1386 704 1468 τὰς
726 1392 810 1481 (leg.
838 1386 955 1472 ὄντας)
980 1387 1187 1475 Μαγνήτων,
1215 1389 1257 1455 de

355 1536 422 1602 quo
443 1513 518 1580 vide
540 1537 621 1600 quae
643 1513 728 1579 dicta
747 1527 821 1580 sunt
835 1513 1015 1592 Chpliamb.
1030 1524 1118 1600 poet.
1135 1538 1166 1602 p.
1184 1515 1256 1592 123,

355 1638 412 1703 uhi
445 1637 645 1702 Herodotum
682 1639 757 1717 Vll,
794 1641 859 1704 190
891 1657 1067 1726 memorare
1100 1636 1257 1702 debebam

306 1764 311 1772 “
353 1759 551 1845 Ἀμεινοκλέϊ
571 1763 617 1844 τῷ
638 1761 810 1846 Κρητίνεω
833 1759 930 1846 ἀνδρὶ
953 1755 1125 1844 Μάγνητι,
1151 1782 1257 1846 quam·

356 1905 450 1969 quam
471 1886 498 1947 is
520 1883 718 1971 Magnesiam
741 1885 818 1950 dicit
841 1883 1064 1949 Thessalicam.
1102 1883 1167 1947 lam
1188 1903 1256 1947 non

356 2005 487 2072 dubium
508 2005 610 2070 videri
639 2018 760 2093 potest,
789 2011 865 2094 quin
887 2008 970 2072 idem
992 2028 1110 2071 nomen
1131 2009 1256 2071 restitu-

357 2129 472 2194 endum
495 2132 538 2194 sit
558 2129 724 2216 Stephano
746 2133 827 2216 Byz.
850 2153 874 2194 s.
896 2155 926 2195 v.
949 2125 1100 2209 Σινώπη,
1122 2129 1178 2194 ubi
1200 2129 1257 2192 ho-

357 2251 411 2319 die
433 2253 538 2318 editur
557 2256 679 2338 κτίσμα
700 2254 841 2340 Κριτίου
862 2249 976 2339 Kpiov,
999 2249 1043 2331 ὥς
1064 2272 1148 2343 φησι
1172 2253 1257 2319 Φλέ-

356 2399 434 2460 γων.
489 2376 658 2440 Praeterea
688 2388 865 2462 praeeunte
893 2376 1066 2463 liudulpho
1095 2378 1256 2441 Rochetto

356 2499 439 2563 llist
469 2497 591 2565 Colon.
617 2499 733 2565 Graec.
754 2502 801 2565 lll
830 2524 860 2587 p.
882 2502 947 2565 331
977 2503 1061 2565 inter
1089 2499 1258 2583 Κρητίνου

358 2632 392 2687 et
413 2616 514 2707 Κῴου
534 2622 736 2689 inserendum
757 2627 823 2701 καί,
849 2626 989 2709 quamvis
1012 2622 1194 2688 Eustathius
1216 2619 1258 2689 ad

356 2746 497 2833 Dionys.
514 2747 585 2811 Per.
601 2748 665 2813 772
688 2746 805 2812 editam
820 2746 991 2813 lectionem
1007 2748 1167 2833 expressit,
1188 2746 1259 2810 κτί-

356 2890 428 2954 σμα
454 2864 540 2934 κατά
562 2892 654 2946 τινας
678 2870 816 2955 Κριτίου
843 2864 966 2957 ἀνδρὸς
987 2864 1102 2954 Kpiou,
1131 2891 1170 2934 ex
1191 2888 1257 2955 quo

357 2991 437 3058 nihil
458 2991 546 3058 aliud
567 2993 758 3082 intelligitur
780 3016 872 3080 quam
896 2994 1093 3059 Eustathium
1116 2991 1259 3071 eandem,

358 3136 422 3202 qua
447 3118 551 3181 nostd
579 3117 708 3183 codices
728 3120 831 3183 vitiati
853 3128 941 3196 sunt,
969 3116 1142 3183 lectionem
1164 3117 1258 3181 etiam

357 3240 392 3302 in
413 3259 473 3303 suo
488 3238 642 3325 Stephani
664 3241 776 3307 codiee
798 3245 992 3329 repperisse3
1015 3234 1137 3327 ἀνδρός
1154 3248 1258 3303 autem

357 3361 414 3427 ille
442 3361 485 3427 de
504 3382 566 3425 sun
589 3361 721 3427 addidit
772 3364 824 3429 De
846 3364 946 3447 Κῷος
970 3367 1101 3430 nomine
1122 3363 1258 3449 proprio

357 3486 392 3549 in
420 3496 509 3550 tanta
541 3483 688 3549 similium
717 3488 811 3571 copia
846 3486 965 3565 (Lehrs
995 3490 1090 3553 Arist.
1119 3511 1150 3574 p.
1173 3486 1259 3565 285)

357 3628 426 3672 non
448 3606 656 3673 dubitandum
678 3606 812 3674 videtur.
848 3612 993 3676 Fuerunt
1007 3614 1105 3699 igitur
1120 3610 1185 3675 duo
1201 3630 1260 3674 no·

355 3748 418 3793 vae
439 3728 639 3795 Milesiorum
667 3731 816 3799 columae
839 3732 951 3813 duces,
980 3732 1073 3799 Cous
1099 3745 1133 3799 et
1154 3732 1261 3800 Creti·
