3067 4575
777 507 822 581 68

701 777 759 842 Vs.
783 777 826 840 bl
849 796 895 862 sq.

391 916 513 1000 Ἰθάκη
536 919 571 984 δὲ
593 917 738 984 σταδίων
760 911 979 1002 ὀγδοήκοντα,
1002 909 1109 994 στενή,

393 1039 482 1134 ὕψος
504 1039 533 1108 δ’
554 1043 673 1128 ἔχοντα
695 1042 752 1105 καὶ
775 1041 908 1123 λιμένας
928 1045 1015 1124 τρεῖς
1036 1038 1183 1124 ἐχομένη,
1235 1135 1242 1144 .

350 1165 493 1234 Mirabar
520 1161 606 1231 unde
628 1174 692 1228 tam
714 1161 820 1228 bellus
842 1160 1017 1227 versiculus
1041 1161 1254 1249 provenisset,
1387 1158 1388 1177 ¹

350 1311 446 1375 quum
468 1287 534 1353 vidi
557 1287 643 1352 istud
666 1287 700 1351 δέ
715 1287 914 1353 Lctronnum
937 1305 974 1348 ex
995 1282 1116 1349 infelici
1132 1281 1255 1348 Casan-

348 1411 429 1476 boni
466 1413 648 1476 coniectura
677 1410 894 1496 assumpsisse.
950 1405 1158 1472 scribendum
1185 1415 1255 1472 erat

345 1528 469 1616 Ἰθάκη
493 1533 637 1596 σταδίων
659 1527 702 1608 ὡς
724 1525 944 1614 ὀγδοήκοντα,
970 1551 1052 1617 quae
1073 1530 1254 1616 Dionysius

351 1655 503 1721 Straboni
525 1651 652 1718 ridetur
666 1651 853 1742 sublegisse,
876 1654 972 1740 quiX
994 1677 1028 1741 p.
1040 1655 1118 1718 455:
1140 1647 1255 1730 κύκλος

351 1780 386 1844 δὲ
420 1778 480 1858 τῆς
506 1771 645 1856 Ἰθάκης
673 1777 762 1864 Ιἐστὶν
791 1773 835 1854 ὡς
868 1771 1073 1859 ὀγδοήκοντα
1102 1775 1254 1842 σταδίων.

352 1901 465 1967 Altero
488 1921 582 1964 versu
605 1901 741 1984 ἐχομένη
765 1897 902 1988 intelligi
922 1921 990 1964 non
1004 1881 1122 1986 potest3
1146 1899 1256 1982 itaque
1320 1977 1323 1986 Ι

350 2036 428 2112 post
449 2033 536 2112 τρεῖς
553 2019 816 2112 >distinguendum
839 2031 969 2110 etpost
989 2025 1126 2112 ἐχομένη
1141 2018 1255 2116 lacuna

352 2111 539 2212 indicanda..
576 2146 727 2232 Sequitur
748 2147 917 2209 continuo:

395 2265 481 2357 πρὸς
500 2270 546 2355 τῷ
569 2272 674 2355 πέραν
697 2264 725 2333 δ’
747 2267 873 2334 ολκοῦσι
892 2267 952 2348 τῆς
973 2266 1149 2343 Abollas.

351 2396 404 2459 De
427 2390 646 2459 Acamanibus
669 2390 749 2454 haec
772 2388 848 2455 dicit
868 2393 1019 2477 scriptor;
1041 2411 1151 2455 verum
1173 2387 1257 2473 πρὸς

352 2518 398 2599 τῷ
420 2520 525 2599 πέραν
546 2535 651 2600 neque
674 2534 790 2601 graece
812 2512 931 2578 (lictum
961 2525 1009 2578 est
1029 2535 1134 2599 neque
1156 2513 1256 2579 ullum

353 2640 485 2703 omnino
501 2657 627 2701 sensum
643 2634 749 2699 habet.
778 2635 816 2703 ln
828 2634 938 2701 codice
950 2639 1099 2723 scriptum
1112 2649 1161 2701 est
1173 2631 1258 2725 πρὸς

352 2755 391 2827 τὸ
414 2762 527 2846 πέραν,
549 2779 682 2847 quorum
705 2756 875 2823 verborum
899 2758 1000 2823 facilis
1022 2770 1055 2825 et
1076 2774 1186 2848 parata
1208 2772 1258 2827 est

354 2884 521 2961 correctio,
544 2884 572 2947 si
593 2884 772 2947 memineris
794 2880 939 2947 codicem
961 2882 1137 2949 Parisinum
1160 2906 1199 2949 ex
1220 2884 1257 2949 li·

352 3004 413 3071 bro
443 3003 621 3071 uncialibus
644 3015 772 3071 exarato
802 3004 996 3093 descriptum
1020 3026 1099 3071 esse.
1150 3007 1258 3074 Docet

354 3128 429 3207 hoc,
466 3138 502 3193 ut
537 3126 598 3193 alia
627 3131 783 3208 omittam,
818 3150 864 3193 vs.
893 3128 957 3193 106
985 3125 1262 3196 ΛΕΩΠΟΝΤΕ

355 3246 562 3317 ΑΟΩΠΟΝ
564 3252 630 3328 ΤΕ,
655 3249 713 3315 ubi
736 3254 823 3339 prius
845 3250 927 3317 illud
947 3248 1159 3319 ΛΕΩΠΟΝ
1177 3252 1258 3317 nibil

355 3384 404 3441 est
431 3375 493 3439 nisi
514 3374 633 3437 vitiosa
661 3374 816 3459 scriptura
844 3376 1005 3462 sequentis
1030 3378 1121 3440 vocis
1143 3371 1258 3439 Aest-

354 3494 464 3563 IION
472 3494 517 3579 l⁸).
556 3493 723 3561 Consimili
745 3492 843 3561 modo
865 3519 911 3561 vs.
928 3498 970 3563 72
993 3498 1059 3564 ΕΚ
1073 3508 1256 3585 corruptum

424 3686 457 3757 s)
482 3686 513 3745 ln
531 3684 612 3774 titulo
628 3688 786 3763 Aeginetico
804 3687 877 3767 apud
890 3687 1058 3749 Boeclbium
1075 3708 1120 3745 no.
1131 3689 1204 3745 stas
1220 3686 1258 3745 le·
