3067 4575
693 567 736 635 35

311 772 462 864 Δρύοπας
483 776 517 842 tt
542 770 603 858 τὴν
624 771 803 862 Κάρυστον
824 774 1068 863 ὠνομασμένην.

311 898 332 980 ἡ
355 897 384 965 δ’
400 897 540 965 Ἱστιαλα
560 904 681 984 γέγονα
695 899 895 986 Περραιβῶν
915 897 1018 978 πόλις.
1090 950 1092 952 ψ

267 1023 404 1089 Primum
438 1023 551 1086 horum
586 1041 733 1086 versuum
766 1025 811 1086 ita
838 1032 926 1087 recte
956 1027 1076 1090 ctuavit
1104 1026 1163 1090 Le·

267 1158 415 1225 tronuus,
442 1147 504 1209 nisi
525 1142 612 1230 quod
631 1140 797 1231 Ἐρέτριαν
819 1145 1020 1210 scribendum
1043 1159 1111 1212 erat
1132 1159 1164 1212 et

265 1264 407 1347 Ἄϊκλον,
435 1264 521 1354 quud
549 1287 667 1331 nomen
690 1289 727 1332 ex
748 1266 875 1347 Άϊκλῆς
897 1265 1074 1347 (Ἀεικλῆς)
1100 1269 1165 1333 for·

265 1404 397 1470 matum,
426 1401 461 1454 ut
482 1384 637 1476 Πρόκλος
659 1385 856 1476 Πάτροκλος
883 1400 915 1454 et
936 1389 1008 1454 alia.
1059 1391 1096 1456 lu
1119 1413 1166 1455 sc·

269 1515 379 1598 quenti
406 1534 502 1577 versu
536 1533 600 1597 quc
629 1488 724 1598 pacto
754 1510 926 1577 Cerinthus
959 1515 1074 1578 evetita
1103 1511 1166 1578 dici

269 1639 384 1720 possit,
406 1639 457 1699 vix
478 1633 654 1722 intelligas;
684 1633 796 1719 malim,
809 1638 907 1723 igitur
929 1637 1085 1724 ὲφαλλαν,
1114 1635 1164 1699 cll.

268 1759 409 1822 Homero
432 1757 468 1822 ll.
492 1759 529 1836 ΙΙ,
545 1759 610 1823 538
624 1753 806 1842 Κήρινθόν
826 1756 856 1822 τ’
871 1759 1007 1846 ἔφαλον.
1041 1758 1164 1824 Ultimo

268 1903 363 1946 versu
384 1884 418 1945 iu
441 1881 552 1946 codice
574 1883 724 1966 sciiptum
751 1877 772 1962 ἡ
795 1881 830 1946 δὲ
853 1883 979 1959 cecata,
1008 1883 1097 1967 quod
1119 1886 1165 1947 in-

270 2003 353 2068 dicio
377 2017 425 2068 est
446 2005 618 2091 Scymnum
642 2005 778 2089 Ephori,
806 2026 899 2090 quem
925 2001 1042 2089 ubique
1064 2008 1166 2089 sequi-

269 2135 333 2226 tui,
358 2125 500 2213 exemplo
523 2126 650 2213 (fragm.
673 2127 754 2190 Hist.
778 2128 807 2204 t,
829 2129 893 2206 69)
918 2125 1041 2214 vulgari
1064 2127 1165 2191 forma

269 2270 359 2313 usum
383 2270 451 2313 esse
480 2245 500 2329 ἡ
525 2245 554 2313 δ’
570 2246 727 2315 Ἑστίαια.
755 2248 808 2314 hic
830 2252 912 2315 enim
935 2249 1096 2339 legitimus
1118 2260 1165 2315 est

271 2381 429 2448 accentus,
457 2392 547 2456 quem
570 2372 710 2437 disertim
732 2355 862 2437 tradidit
883 2372 1062 2458 Stephanus
1085 2374 1164 2458 Byz.

271 2516 294 2557 s.
318 2516 347 2556 v.
375 2492 493 2557 Ἀναία.

572 2706 628 2769 Vs.
651 2705 716 2771 602
733 2742 773 2754 -
789 2707 863 2769 604.

313 2858 450 2937 Κόλπος
472 2860 507 2925 δὲ
527 2869 631 2925 κεῖται
653 2856 828 2938 Μαλιακὸς
850 2862 952 2943 ἐντῷ
974 2861 1073 2944 μυχῷ,

219 2958 224 2963 λ
310 2982 437 3068 Ἐχῖνος
458 2975 497 3049 οὗ
519 2978 613 3061 πόλις
635 2984 717 3062 ἐστι’,
740 2986 801 3049 τοῦ
820 2982 991 3067 Σπαρτοῦ,
1006 2971 1117 3059 κτίσις,

312 3105 437 3192 Ἐχῖνος
458 3110 515 3172 καὶ
537 3108 694 3172 Μαλιέων
717 3099 816 3170 ἄλλαι
836 3099 954 3180 πόλεις.

270 3232 395 3311 Horum¹
421 3252 569 3295 versuum
597 3232 723 3295 tertium
746 3250 841 3315 quum
864 3226 1071 3312 depravatum
1096 3248 1166 3292 esse

271 3352 477 3419 intellexisset
491 3355 681 3431 Letronnus,
703 3355 779 3417 sutis
798 3372 936 3438 operosa
951 3349 1166 3436 disputatione

273 3474 404 3541 efficere
429 3476 561 3555 studuit,
591 3497 709 3541 nomen
727 3472 854 3560 Ἐχῖνος
882 3496 920 3539 ex
948 3472 1166 3560 superioribus

271 3608 388 3665 temere
423 3600 590 3686 repetitum
626 3598 705 3663 alius
735 3597 822 3663 urbis
850 3587 956 3662 locuni
983 3616 1165 3683 occupasse,

272 3720 443 3806 Scymuum
467 3730 570 3785 autem
592 3723 766 3807 scripsisse:
789 3722 912 3804 Λαμλα
930 3742 966 3785 τε
987 3723 1066 3802 (imo
1087 3715 1165 3786 Λό-
