3067 4575
354 735 514 827 Κύθηρα.
542 734 626 827 μετά
648 739 682 805 δὲ
704 741 811 807 ταῦτα
830 735 903 805 κατ’
918 734 1118 829 Ἐπίδαυρον
1138 735 1162 821 ἥ

305 844 308 848 ’
354 834 515 949 πρότερον
536 865 596 949 μὲν
622 857 747 943 Οἰνώνη
768 857 1039 951 προσηγορεύετο,

284 994 337 1046 555
354 980 492 1073 ὕστερον
514 982 572 1050 ἀπ’
591 988 732 1070 Λίγίνης
754 986 789 1051 δὲ
810 988 870 1066 τῆς
889 984 1068 1063 Ἀσωπίδος

355 1106 502 1193 Αἴγιναν
524 1105 676 1176 ἐκάλεσεν
697 1101 872 1192 κατασχόν
892 1102 1036 1185 Αἰακός·

355 1233 411 1297 καὶ
432 1232 574 1313 πλησίον
595 1227 695 1321 ταύτῃ
717 1230 893 1315 Σαλαμίς,
914 1235 950 1297 ἐν
970 1220 992 1321 ᾗ
1012 1224 1112 1317 λόγος

354 1348 414 1419 τόν
436 1354 567 1421 Αίακοῦ
595 1355 776 1441 Τελαμῶνα
795 1353 994 1438 βασιλεῦσαί
1014 1374 1103 1429 ποτε.

354 1462 430 1556 ἑξῆς
449 1475 609 1557 Ἀθῆναι·
637 1477 723 1565 φασὶ
745 1472 775 1541 δ’
795 1468 929 1555 οίκητὰς
949 1475 1066 1559 λαβεῖν
1093 1524 1096 1531 -

285 1608 337 1660 560
354 1594 478 1675 ταύτας
499 1592 697 1681 Πελασγοὺς
717 1599 863 1683 πρῶτον,
885 1590 943 1674 οὓς
964 1591 1005 1678 δὴ
1027 1599 1085 1665 καὶ
1104 1592 1205 1682 λόγος

355 1714 534 1807 Κραναοδς
555 1722 742 1798 καλεῖσθαι,
762 1715 847 1805 μετά
867 1719 1027 1785 δὲταῦτα
1040 1719 1259 1808 Κεκροπίδας,

354 1843 527 1933 Κέκροπος
549 1840 842 1921 δυναστεύσαντος,
864 1839 1031 1929 ὑστέροισι
1052 1844 1089 1911 δί

352 1961 498 2053 χρόνοις,
517 1962 699 2053 Ἐρεχθέως
720 1966 780 2046 τῆς
800 1960 926 2041 πόλεως
946 1962 1137 2053 ἡγουμένου,

355 2081 422 2153 άπό
443 2090 503 2168 τῆς
522 2086 672 2169 Ἀθηνᾶς
692 2084 752 2169 τὴν
774 2090 1002 2175 προσηγορίαν
1022 2089 1147 2173 λαβεῖν.

285 2215 337 2269 565
351 2205 537 2297 Ἡρόδοτος
557 2214 680 2298 ἱστορεῖ
703 2212 737 2277 δὲ
759 2211 865 2275 ταῦτα
880 2205 1095 2300 συγγράφων.

355 2329 393 2400 τό
416 2329 567 2400 Σούνιον
588 2330 761 2422 κάμψαντι
783 2331 814 2399 δ’
833 2327 901 2400 ἀπὸ
923 2337 982 2414 τῆς
1001 2332 1146 2415 Ἀττικῆς

354 2451 485 2540 Εὔβοια
507 2465 610 2523 κεῖται
631 2460 747 2538 νῆσος,
770 2455 791 2537 ἡ
814 2457 999 2542 καλουμένη

355 2575 411 2646 διά
431 2575 493 2660 τὴν
516 2576 616 2670 φύσιν
638 2574 676 2646 τό
698 2576 868 2668 πρότερον,
891 2574 934 2656 ὥς
956 2600 1070 2669 φασιν,
1092 2574 1236 2666 Μάκρις,

354 2705 477 2769 ἔπειτεν
499 2697 565 2768 άπὸ
588 2706 646 2783 τῆς
668 2704 845 2788 λεγομένης
864 2701 1044 2779 Ἀσωπίδος

285 2830 337 2882 570
351 2820 460 2914 χρόνῳ
482 2825 635 2908 λαβοῦσα
656 2819 791 2909 τοῦνομ’
809 2819 960 2909 Εὔβοιαν
979 2819 1089 2890 πάλιν.

353 2942 501 3034 πρώτους
523 2945 553 3013 δ’
572 2953 607 3014 ἐν
629 2945 711 3040 αὐτῇ
733 2950 840 3036 φασὶν
861 2948 994 3028 οίκῆσαι
1011 2949 1138 3033 προτοῦ

354 3067 497 3155 μιγάδας
519 3073 688 3148 συνοίκους
710 3073 876 3155 Λέλεγας·
900 3076 935 3136 ἐκ
957 3071 1016 3155 τῆς
1038 3067 1068 3134 δ’
1084 3069 1230 3150 Ἀττικῆς

406 3335 466 3388 553.
489 3330 656 3405 o‘fIIIiIlerus,
674 3333 690 3402 ἡ
709 3329 741 3390 C.
813 3334 874 3390 556.
892 3336 996 3391 ίιιάλεσε
1014 3331 1047 3390 C.
1118 3335 1179 3390 557.
1197 3339 1258 3390 Σα-

353 3432 432 3499 λαμίν
450 3435 512 3480 ante
530 3424 560 3482 F.
644 3427 703 3482 559.
724 3425 850 3498 Ἀθῆναι·
874 3434 944 3501 ροισί
960 3425 987 3483 ‹5’
1005 3425 1046 3495 III,
1066 3427 1258 3503 2102}vaoe-

354 3527 396 3576 σίν
415 3518 448 3575 C.
476 3518 538 3576 Vid.
558 3517 708 3576 Commeat.
727 3540 753 3597 p.
763 3523 806 3576 34.
863 3523 924 3576 560.
942 3523 1045 3584 τοιότοις
1055 3519 1258 3593 ΠελασγοδςΜ,

353 3618 441 3670 ταῦτα
459 3609 602 3686 Πελασγοῦ
620 3612 653 3670 C.
680 3613 736 3670 Csr.
756 3613 908 3671 comment.
925 3635 950 3692 p.
962 3618 1007 3671 34.
1045 3617 1125 3676 ⁴565.
1141 3617 1259 3690 Ἡρόδο-

332 3731 334 3739 *
353 3729 399 3769 νος
417 3704 491 3774 VIII,
510 3710 553 3763 44.
625 3709 686 3764 570.
704 3708 819 3780 Εὔβοιαν
836 3707 882 3766 vel
899 3709 1015 3779 Εὖβοίας
1031 3707 1069 3779 Is,
1087 3708 1189 3781 Εὔβοια
1206 3708 1241 3766 C.

1396 3756 1399 3883 ι
