3067 4575
405 754 444 824 τό
465 752 548 846 πρὸς
568 757 777 844 μεσημβρίαν
796 779 833 822 τε
853 755 911 822 καὶ
931 750 1031 822 νότον
1051 756 1153 841 κλίμα

405 875 565 958 Λάκωνες
582 879 723 967 Ἀργεῖοί
744 889 800 960 τε.

361 1001 450 1068 Ηεεο
472 1007 526 1090 qui
547 1003 658 1090 paullo
681 1005 856 1068 accuratius
878 1003 1064 1088 inspexerit,
1085 1000 1260 1082 mirabitur,

362 1127 491 1213 opinor,
521 1125 561 1190 de
584 1125 734 1214 gentibus
756 1127 952 1212 superiorem
980 1127 1048 1190 sive
1069 1129 1261 1210 septentrio-

360 1248 465 1314 nalem
487 1248 703 1334 Peloponnesi
726 1269 815 1313 orom
837 1247 1050 1314 incolentibus
1070 1247 1259 1314 Corinthios

361 1381 481 1438 tantum
509 1373 678 1436 memorari
706 1380 739 1436 et
760 1373 946 1460 Sicyonios,
973 1371 1119 1436 Achaeos
1145 1381 1260 1450 eutem,

361 1499 414 1582 qui
435 1494 490 1560 vel
517 1496 649 1558 maxime
677 1495 710 1557 in
741 1493 802 1559 hac
827 1505 918 1582 parte
946 1491 1132 1561 nominandi
1160 1502 1260 1575 erant,

362 1641 431 1683 oum
453 1617 541 1682 Eleis
571 1625 603 1682 et
626 1615 796 1682 Messeniis
824 1621 858 1682 in
887 1617 1116 1683 occidentalem
1138 1626 1260 1703 partem

359 1743 457 1806 reiici.
510 1737 643 1804 Accedit
670 1737 756 1826 quod
779 1762 825 1804 vs.
847 1741 912 1806 519
938 1735 1025 1804 ἀλλὰ
1045 1742 1180 1827 pessime
1202 1759 1260 1827 ομ

359 1865 489 1950 ponitur
516 1865 549 1928 ei
571 1861 659 1948 quod
680 1884 727 1928 vs.
743 1865 809 1928 516
836 1861 954 1950 legitur
975 1867 1045 1948 μέν.
1088 1861 1261 1928 salebrosa

359 1988 434 2050 item
456 1984 568 2072 neque·
585 1983 744 2052 emendati
757 1988 911 2050 sermonis
926 1984 1049 2071 legibus
1065 1988 1260 2071 conveniens

360 2117 408 2174 est
429 2107 601 2174 verborum
624 2118 794 2186 structure,
823 2111 912 2174 οἵτε
932 2106 1057 2193 Ἀχαιοὶ
1075 2106 1203 2174 Ἠλεῖοί
1224 2130 1261 2174 τε

359 2231 416 2297 καὶ
440 2225 626 2311 Μεσσήνιοι
652 2216 728 2309 τοὺς
756 2224 839 2317 πρὸς
860 2233 1001 2319 ἑσπέραν
1028 2253 1064 2297 τε
1085 2232 1141 2297 καὶ
1162 2230 1261 2321 ζίφει-

360 2376 421 2439 ρον
443 2347 549 2441 ὅρους.
605 2354 754 2440 Denique
777 2351 817 2418 θ’
836 2348 933 2439 ὅρους
953 2355 1110 2419 Letrouni
1135 2354 1260 2419 demum

361 2485 409 2539 est
437 2478 607 2562 scripture,
636 2499 732 2563 quum
762 2476 864 2542 codex
892 2476 1010 2543 habent
1031 2472 1157 2563 δόρονς.
1212 2479 1261 2543 Ex

359 2598 409 2663 his
431 2596 620 2687 intelligitur
642 2600 722 2667 haec
744 2602 788 2665 ita
809 2601 908 2665 fuisse
929 2599 1171 2665 conformanda:

401 2715 581 2805 Κόρινθον
601 2723 784 2798 οἰκίσαντες
805 2726 952 2812 ἐπιφανῆ
973 2718 1078 2801 πόλιν,

403 2836 500 2909 ἄλλοι
513 2840 542 2908 τ’
559 2842 693 2929 Ἀχαιοί.
716 2838 792 2921 colu
805 2839 888 2934 πρὸς
902 2848 1043 2933 ίσιτίροιν
1057 2842 1088 2909 δ’
1102 2838 1201 2933 ὅρονς
1216 2828 1259 2896 '..

360 2977 391 3031 ct
413 2988 460 3030 vs.
477 2967 541 3032 521

401 3082 440 3153 τὸ
463 3081 547 3177 ιτρὸς
567 3088 778 3177 μεσημβρίαν
801 3088 835 3156 δὲ
857 3092 913 3156 καὶ
934 3084 1033 3156 νότον
1054 3090 1155 3177 κλίμα
1177 3132 1221 3143 -

588 3374 590 3377 Ι
660 3344 661 3349 .
701 3300 757 3363 Vs.
783 3302 846 3363 524
869 3320 914 3385 sq.

399 3453 454 3521 Ἐν
475 3455 515 3545 τῇ
535 3454 695 3540 μεσογείῳ
718 3450 747 3519 δ’
767 3453 897 3537 tortor}
923 3458 1078 3537 Φλιασία,

402 3572 443 3643 τό
463 3574 492 3641 τ’
509 3571 676 3665 Ἀρκάδων
697 3579 852 3662 μέγιστον
872 3583 907 3643 ἐν
928 3575 1057 3681 τούτοις
1079 3581 1191 3656 ἔθνος.

358 3698 434 3783 Non
457 3698 644 3789 intelligitur
671 3720 734 3787 quo
757 3711 880 3787 spectet
901 3705 936 3768 ὲν
957 3689 1094 3779 τούτοις.
1145 3702 1257 3789 ltaque
1280 3792 1285 3797 δ
