3067 4575
594 576 724 656 '51

254 785 391 870 scriptor
412 779 434 865 ἡ
455 783 558 866 νῆσος
578 778 663 850 κατὰ
678 780 739 865 τὴν
755 783 909 851 Μαιῶτιν
923 785 998 873 ἄχρι
1011 789 1072 854 τοῦ
1084 787 1157 853 Βο·

256 901 398 993 σπόρου,
421 907 519 973 modo
543 907 651 973 deleas
674 905 840 972 articulum
861 919 937 974 ante
958 911 1068 991 νῆσος.

586 1063 654 1138 Vs.
678 1075 742 1140 816
766 1096 812 1160 sq.

300 1217 409 1280 Ζῶσιν
431 1215 465 1292 δὲ
487 1211 548 1294 τήν
570 1238 604 1280 τε
627 1217 742 1296 κτῆσιν
763 1212 1008 1302 ἀναδεδειχότες

299 1333 413 1416 κοινὴν
434 1331 590 1402 ἁπάντων
612 1333 673 1420 τήν
694 1361 728 1403 τε
751 1333 892 1404 σύνολον
914 1336 1044 1407 οὐσίαν..

254 1459 307 1525 De
329 1459 518 1546 Scytharum
541 1460 681 1524 moribus
704 1463 808 1548 agitur
830 1462 879 1526 his
903 1461 1057 1540 versibus,
1081 1485 1158 1550 quu-

254 1605 324 1646 rum
353 1580 455 1648 altero
485 1581 584 1672 vulgo
619 1582 737 1672 legitur
765 1579 827 1662 τήν
854 1581 895 1647 θ’
923 1578 1004 1664 ὅλην
1033 1582 1157 1664 οὐσίαν,

136 1679 138 1758 i
255 1703 368 1792 quibus
397 1703 503 1768 verbis
533 1727 624 1790 quam
653 1705 810 1771 medelam
840 1705 944 1772 attulit
965 1707 1157 1785 Letronnus,

256 1849 349 1914 quum
377 1848 481 1914 neque
503 1825 661 1892 facilitatis
687 1827 813 1894 laudem
843 1827 958 1894 habeat
985 1851 1090 1918 neque
1116 1830 1157 1895 ad

255 1972 322 2015 rem
351 1962 426 2038 apta
454 1952 495 2014 sit
524 1949 619 2036 (qnid
638 1955 732 2015 xenim
754 1952 868 2031 κτῆσις
891 1963 923 2018 et
945 1949 1042 2019 oriola
1065 1952 1157 2018 dille-

254 2077 380 2153 runt?),
403 2071 603 2138 scribendum
626 2077 733 2159 potius
756 2073 896 2140 videtur:

299 2188 413 2275 κοινὴν
434 2191 590 2260 ἁπάντων
612 2189 673 2276 τὴν
695 2193 735 2260 θ’
756 2192 838 2277 ὅλην
860 2199 1046 2264 συνουσίαν.
1163 2246 1166 2255 .

254 2320 328 2382 Ηοο
358 2321 450 2383 etiam
477 2319 604 2385 fimare
631 2294 706 2384 licet
732 2321 856 2407 Ephori
884 2343 1042 2387 consensu
1070 2322 1157 2409 apud

256 2439 446 2507 Strabonem
461 2442 524 2506 Vll
546 2444 669 2531 p.3o3:
692 2452 765 2537 ταῖς
787 2444 928 2521 διαίταις
943 2442 1079 2521 εὐτελεῖς
1100 2438 1156 2511 ὅν-

255 2586 308 2640 τες
330 2564 386 2643 καὶ
408 2559 448 2629 οὐ
466 2567 688 2653 χρηματισταὶ
716 2561 800 2654 πρός
823 2590 856 2632 τε
878 2562 1042 2647 ἀλλήλους
1064 2564 1156 2633 εὐνο-

254 2688 395 2771 μοῦνται
416 2680 510 2752 κοινοί
532 2683 642 2753 ιιιίντα
665 2689 792 2777 ἔχοντες
813 2684 856 2753 τοί
878 2710 912 2753 τε
928 2682 1015 2753 ἄλλοι
1035 2690 1091 2754 καὶ
1105 2693 1156 2753 τέ-

254 2832 316 2875 κνα
338 2811 406 2875 καί
428 2802 500 2889 τὴν
516 2802 615 2889 ὅλην
637 2815 888 2897 συγγένειαν.
925 2809 1100 2876 Συνουσία
1115 2809 1155 2874 de

255 2932 372 2999 familia
395 2931 512 2997 dictum
534 2934 601 2997 non
624 2954 742 2998 novum
765 2945 822 2999 est

565 3051 890 3167 Qffl—Ml

295 3237 345 3306 ‘H
369 3233 513 3329 Ταυρικη
534 3241 571 3306 δὲ
590 3236 792 3325 χερρόνησος
812 3242 972 3325 λεγομένη

297 3359 426 3439 τούτοις
448 3358 605 3429 συνάπτει
624 3360 722 3431 πόλιν
745 3360 852 3449 ίχοοσ’
868 3359 1052 3444 Ἑλληνίδα,
1086 3393 1089 3398 >

298 3481 341 3567 ἣν
358 3484 586 3574 Ἡρακλεῶται
606 3484 721 3569 Δήλιοί
743 3484 771 3553 τ’
789 3481 971 3571 ἀπῴκισαν.

255 3608 361 3694 Quam
389 3614 421 3675 in
446 3612 583 3677 Taurica
610 3610 779 3698 peninsula
800 3609 1013 3675 Heracleotae
1036 3619 1069 3674 et
1090 3610 1155 3674 De

255 3732 290 3798 lii
313 3732 485 3799 condidere
500 3735 620 3815 urbem,
644 3755 681 3799 ea
696 3752 763 3797 non
778 3730 840 3797 alia
855 3753 925 3797 esse
939 3743 1050 3818 potest
1063 3754 1155 3821 qnam

902 3854 956 3921 3*
