<?xml version="1.0" encoding="UTF-8"?>
<!DOCTYPE html PUBLIC "-//W3C//DTD XHTML 1.0 Transitional//EN"
    "http://www.w3.org/TR/xhtml1/DTD/xhtml1-transitional.dtd">
<html xmlns="http://www.w3.org/1999/xhtml" xml:lang="en" lang="en">
 <head>
  <title>
</title>
<meta http-equiv="Content-Type" content="text/html;charset=utf-8" />
  <meta name='ocr-system' content='tesseract 3.04.00' />
  <meta name='ocr-capabilities' content='ocr_page ocr_carea ocr_par ocr_line ocrx_word'/>
</head>
<body>
  <div class='ocr_page' id='page_1' title='image "./scymnichiiperie00callgoog_0090.png"; bbox 0 0 3067 4575; ppageno 0'>
   <div class='ocr_carea' id='block_1_1' title="bbox 353 758 1259 1710">
    <p class='ocr_par' dir='ltr' id='par_1_1' title="bbox 353 758 1259 1710">
     <span class='ocr_line' id='line_1_1' title="bbox 355 758 1259 852; baseline -0.004 -22"><span class='ocrx_word' id='word_1_1' title='bbox 355 765 436 851; x_wconf 87' lang='lat' dir='ltr'>Quis</span> <span class='ocrx_word' id='word_1_2' title='bbox 460 767 543 830; x_wconf 86' lang='lat' dir='ltr'>enim</span> <span class='ocrx_word' id='word_1_3' title='bbox 565 785 702 852; x_wconf 86' lang='lat' dir='ltr'><strong>unquam</strong></span> <span class='ocrx_word' id='word_1_4' title='bbox 717 764 864 829; x_wconf 79' lang='lat' dir='ltr'><strong>Macares</strong></span> <span class='ocrx_word' id='word_1_5' title='bbox 882 767 917 828; x_wconf 85' lang='lat' dir='ltr'><strong><em>in</em></strong></span> <span class='ocrx_word' id='word_1_6' title='bbox 932 763 1028 828; x_wconf 80' lang='lat' dir='ltr'>Asiae</span> <span class='ocrx_word' id='word_1_7' title='bbox 1049 758 1179 848; x_wconf 82' lang='lat' dir='ltr'>populis</span> <span class='ocrx_word' id='word_1_8' title='bbox 1199 782 1259 826; x_wconf 86' lang='lat' dir='ltr'><strong><em>nu-</em></strong></span> 
     </span>
     <span class='ocr_line' id='line_1_2' title="bbox 353 883 1259 974; baseline -0.007 -20"><span class='ocrx_word' id='word_1_9' title='bbox 353 891 505 954; x_wconf 77' lang='lat' dir='ltr'><strong><em>meravit?</em></strong></span> <span class='ocrx_word' id='word_1_10' title='bbox 527 901 583 954; x_wconf 86' lang='lat' dir='ltr'><strong><em>aut</em></strong></span> <span class='ocrx_word' id='word_1_11' title='bbox 597 892 666 974; x_wconf 87' lang='lat' dir='ltr'>quis</span> <span class='ocrx_word' id='word_1_12' title='bbox 682 888 791 954; x_wconf 84' lang='lat' dir='ltr'>Gailio</span> <span class='ocrx_word' id='word_1_13' title='bbox 807 889 1003 962; x_wconf 73' lang='lat' dir='ltr'><strong>assentiatur,</strong></span> <span class='ocrx_word' id='word_1_14' title='bbox 1020 883 1259 973; x_wconf 29' lang='lat' dir='ltr'><strong><em>Pelasgos-Ma·</em></strong></span> 
     </span>
     <span class='ocr_line' id='line_1_3' title="bbox 354 1005 1258 1096; baseline -0.004 -20"><span class='ocrx_word' id='word_1_15' title='bbox 354 1033 427 1076; x_wconf 80' lang='lat' dir='ltr'><strong>cara</strong></span> <span class='ocrx_word' id='word_1_16' title='bbox 456 1010 537 1076; x_wconf 83' lang='lat' dir='ltr'><strong>duce</strong></span> <span class='ocrx_word' id='word_1_17' title='bbox 564 1011 702 1076; x_wconf 84' lang='lat' dir='ltr'>Lesbum</span> <span class='ocrx_word' id='word_1_18' title='bbox 731 1014 930 1096; x_wconf 77' lang='lat' dir='ltr'>vicinamque</span> <span class='ocrx_word' id='word_1_19' title='bbox 963 1031 1051 1078; x_wconf 85' lang='lat' dir='ltr'><strong>oram</strong></span> <span class='ocrx_word' id='word_1_20' title='bbox 1079 1005 1258 1072; x_wconf 80' lang='lat' dir='ltr'><strong>incolentes</strong></span> 
     </span>
     <span class='ocr_line' id='line_1_4' title="bbox 354 1133 1258 1222; baseline -0.004 -24"><span class='ocrx_word' id='word_1_21' title='bbox 354 1133 421 1222; x_wconf 28' lang='lat' dir='ltr'>dici·</span> <span class='ocrx_word' id='word_1_22' title='bbox 438 1137 644 1199; x_wconf 81' lang='lat' dir='ltr'>existimanti?</span> <span class='ocrx_word' id='word_1_23' title='bbox 677 1133 775 1219; x_wconf 80' lang='lat' dir='ltr'><strong>Apud</strong></span> <span class='ocrx_word' id='word_1_24' title='bbox 795 1135 1001 1220; x_wconf 82' lang='lat' dir='ltr'>Anonyiuum</span> <span class='ocrx_word' id='word_1_25' title='bbox 1022 1133 1102 1196; x_wconf 85' lang='lat' dir='ltr'><strong>haec</strong></span> <span class='ocrx_word' id='word_1_26' title='bbox 1122 1135 1166 1196; x_wconf 81' lang='lat' dir='ltr'><strong><em>ita</em></strong></span> <span class='ocrx_word' id='word_1_27' title='bbox 1181 1133 1258 1195; x_wconf 81' lang='lat' dir='ltr'>scri-</span> 
     </span>
     <span class='ocr_line' id='line_1_5' title="bbox 353 1249 1259 1345; baseline -0.006 -23"><span class='ocrx_word' id='word_1_28' title='bbox 353 1270 409 1345; x_wconf 87' lang='lat' dir='ltr'><strong><em>pta</em></strong></span> <span class='ocrx_word' id='word_1_29' title='bbox 432 1268 519 1322; x_wconf 79' lang='lat' dir='ltr'>sunt:</span> <span class='ocrx_word' id='word_1_30' title='bbox 547 1253 672 1322; x_wconf 81' lang='grc' dir='ltr'><strong><em>Λύκιοί</em></strong></span> <span class='ocrx_word' id='word_1_31' title='bbox 699 1279 734 1322; x_wconf 86' lang='grc' dir='ltr'><strong><em>τε</em></strong></span> <span class='ocrx_word' id='word_1_32' title='bbox 756 1250 918 1341; x_wconf 78' lang='grc' dir='ltr'><strong><em>καὶπρὸς</em></strong></span> <span class='ocrx_word' id='word_1_33' title='bbox 945 1252 1075 1332; x_wconf 79' lang='grc' dir='ltr'><strong><em>τούτοις</em></strong></span> <span class='ocrx_word' id='word_1_34' title='bbox 1096 1249 1259 1339; x_wconf 79' lang='grc' dir='ltr'><strong><em>Μάκαρες</em></strong></span> 
     </span>
     <span class='ocr_line' id='line_1_6' title="bbox 353 1367 1259 1468; baseline -0.007 -22"><span class='ocrx_word' id='word_1_35' title='bbox 353 1381 463 1468; x_wconf 81' lang='lat' dir='ltr'><strong>ltaque</strong></span> <span class='ocrx_word' id='word_1_36' title='bbox 486 1379 687 1444; x_wconf 83' lang='lat' dir='ltr'>scribendum</span> <span class='ocrx_word' id='word_1_37' title='bbox 709 1379 849 1444; x_wconf 79' lang='lat' dir='ltr'>videtur:</span> <span class='ocrx_word' id='word_1_38' title='bbox 871 1379 1005 1454; x_wconf 79' lang='grc' dir='ltr'><strong><em>Κίλικες</em></strong></span> <span class='ocrx_word' id='word_1_39' title='bbox 1024 1380 1086 1462; x_wconf 76' lang='grc' dir='ltr'><strong><em>μὲν</em></strong></span> <span class='ocrx_word' id='word_1_40' title='bbox 1105 1367 1166 1442; x_wconf 81' lang='grc' dir='ltr'><strong><em>οὖν</em></strong></span> <span class='ocrx_word' id='word_1_41' title='bbox 1182 1371 1259 1441; x_wconf 81' lang='grc' dir='ltr'><strong><em>Λύ-</em></strong></span> 
     </span>
     <span class='ocr_line' id='line_1_7' title="bbox 354 1495 1258 1588; baseline -0.004 -21"><span class='ocrx_word' id='word_1_42' title='bbox 354 1505 420 1568; x_wconf 85' lang='grc' dir='ltr'><strong><em>ννοί</em></strong></span> <span class='ocrx_word' id='word_1_43' title='bbox 447 1505 560 1566; x_wconf 82' lang='grc' dir='ltr'><strong><em>τεκαὶ</em></strong></span> <span class='ocrx_word' id='word_1_44' title='bbox 587 1495 671 1588; x_wconf 79' lang='grc' dir='ltr'><strong><em>πρὸς</em></strong></span> <span class='ocrx_word' id='word_1_45' title='bbox 698 1499 802 1566; x_wconf 79' lang='grc' dir='ltr'><strong><em>τοῖσδ’</em></strong></span> <span class='ocrx_word' id='word_1_46' title='bbox 821 1498 893 1585; x_wconf 78' lang='grc' dir='ltr'><strong><em>ἅμα</em></strong></span> <span class='ocrx_word' id='word_1_47' title='bbox 920 1501 1034 1588; x_wconf 84' lang='grc' dir='ltr'><strong><em>Κᾶρες</em></strong></span> <span class='ocrx_word' id='word_1_48' title='bbox 1062 1499 1258 1586; x_wconf 79' lang='grc' dir='ltr'><strong><em>Μαριανδυ-</em></strong></span> 
     </span>
     <span class='ocr_line' id='line_1_8' title="bbox 354 1619 1241 1710; baseline -0.005 -20"><span class='ocrx_word' id='word_1_49' title='bbox 354 1628 409 1690; x_wconf 88' lang='grc' dir='ltr'><strong><em>νοί</em></strong></span> <span class='ocrx_word' id='word_1_50' title='bbox 428 1647 470 1702; x_wconf 85' lang='grc' dir='ltr'><strong><em>τε,</em></strong></span> <span class='ocrx_word' id='word_1_51' title='bbox 492 1623 546 1690; x_wconf 84' lang='lat' dir='ltr'><strong><em>vel</em></strong></span> <span class='ocrx_word' id='word_1_52' title='bbox 559 1619 683 1690; x_wconf 81' lang='grc' dir='ltr'><strong><em>Λύκιον</em></strong></span> <span class='ocrx_word' id='word_1_53' title='bbox 697 1647 731 1688; x_wconf 84' lang='grc' dir='ltr'><strong><em>τε</em></strong></span> <span class='ocrx_word' id='word_1_54' title='bbox 745 1619 830 1710; x_wconf 80' lang='grc' dir='ltr'><strong><em>πρὸς</em></strong></span> <span class='ocrx_word' id='word_1_55' title='bbox 843 1619 990 1690; x_wconf 78' lang='grc' dir='ltr'><strong><em>τούτοισι</em></strong></span> <span class='ocrx_word' id='word_1_56' title='bbox 1002 1625 1059 1688; x_wconf 83' lang='grc' dir='ltr'><strong><em>καὶ</em></strong></span> <span class='ocrx_word' id='word_1_57' title='bbox 1072 1622 1185 1709; x_wconf 83' lang='grc' dir='ltr'><strong><em>Κᾶρες</em></strong></span> <span class='ocrx_word' id='word_1_58' title='bbox 1200 1659 1241 1672; x_wconf 90' lang='grc'>-</span> 
     </span>
    </p>
   </div>
   <div class='ocr_carea' id='block_1_2' title="bbox 665 1834 940 1900">
    <p class='ocr_par' dir='ltr' id='par_1_2' title="bbox 665 1834 940 1900">
     <span class='ocr_line' id='line_1_9' title="bbox 665 1834 940 1900; baseline 0.011 -4"><span class='ocrx_word' id='word_1_59' title='bbox 665 1834 723 1898; x_wconf 89' lang='lat' dir='ltr'><strong><em>Vs.</em></strong></span> <span class='ocrx_word' id='word_1_60' title='bbox 746 1837 812 1900; x_wconf 74' lang='lat'><strong><em>949</em></strong></span> <span class='ocrx_word' id='word_1_61' title='bbox 830 1872 870 1886; x_wconf 93' lang='lat'><em>-</em></span> <span class='ocrx_word' id='word_1_62' title='bbox 887 1837 940 1900; x_wconf 78' lang='lat'><strong><em>52.</em></strong></span> 
     </span>
    </p>
   </div>
   <div class='ocr_carea' id='block_1_3' title="bbox 353 1984 1259 3799">
    <p class='ocr_par' dir='ltr' id='par_1_3' title="bbox 398 1984 1147 2079">
     <span class='ocr_line' id='line_1_10' title="bbox 398 1984 1147 2079; baseline 0.003 -25"><span class='ocrx_word' id='word_1_63' title='bbox 398 1984 498 2055; x_wconf 79' lang='grc' dir='ltr'><strong><em>Είτεν</em></strong></span> <span class='ocrx_word' id='word_1_64' title='bbox 518 1985 660 2070; x_wconf 79' lang='grc' dir='ltr'><em>Σινώπη</em></span> <span class='ocrx_word' id='word_1_65' title='bbox 681 1987 777 2068; x_wconf 80' lang='grc' dir='ltr'><strong><em>πόλις</em></strong></span> <span class='ocrx_word' id='word_1_66' title='bbox 798 1988 966 2079; x_wconf 74' lang='grc' dir='ltr'><strong><em>ἐπώνυμος</em></strong></span> <span class='ocrx_word' id='word_1_67' title='bbox 985 1993 1065 2076; x_wconf 80' lang='grc' dir='ltr'><strong><em>μιᾶς</em></strong></span> <span class='ocrx_word' id='word_1_68' title='bbox 1143 1994 1147 1999; x_wconf 73' lang='grc'><strong>’</strong></span> 
     </span>
    </p>

    <p class='ocr_par' dir='ltr' id='par_1_4' title="bbox 397 2105 1115 2203">
     <span class='ocr_line' id='line_1_11' title="bbox 397 2105 1115 2203; baseline 0.003 -25"><span class='ocrx_word' id='word_1_69' title='bbox 397 2108 597 2198; x_wconf 80' lang='grc' dir='ltr'><strong><em>Ἀμαζόνων,</em></strong></span> <span class='ocrx_word' id='word_1_70' title='bbox 620 2105 667 2180; x_wconf 84' lang='grc' dir='ltr'><strong><em>ὦν</em></strong></span> <span class='ocrx_word' id='word_1_71' title='bbox 687 2116 830 2194; x_wconf 79' lang='grc' dir='ltr'><strong><em>πλησίον</em></strong></span> <span class='ocrx_word' id='word_1_72' title='bbox 851 2105 894 2195; x_wconf 85' lang='grc' dir='ltr'><strong><em>ἦν</em></strong></span> <span class='ocrx_word' id='word_1_73' title='bbox 912 2110 1006 2203; x_wconf 81' lang='grc' dir='ltr'><strong><em>χοίρα</em></strong></span> <span class='ocrx_word' id='word_1_74' title='bbox 1026 2118 1115 2193; x_wconf 77' lang='grc' dir='ltr'><strong><em>ποτέ,</em></strong></span> 
     </span>
    </p>

    <p class='ocr_par' dir='ltr' id='par_1_5' title="bbox 399 2229 1144 2323">
     <span class='ocr_line' id='line_1_12' title="bbox 399 2229 1144 2323; baseline 0.003 -22"><span class='ocrx_word' id='word_1_75' title='bbox 399 2230 442 2317; x_wconf 79' lang='grc' dir='ltr'><strong><em>ἢν</em></strong></span> <span class='ocrx_word' id='word_1_76' title='bbox 464 2229 502 2302; x_wconf 81' lang='grc' dir='ltr'><strong><em>τὸ</em></strong></span> <span class='ocrx_word' id='word_1_77' title='bbox 524 2238 603 2322; x_wconf 83' lang='grc' dir='ltr'><strong><em>πρὶν</em></strong></span> <span class='ocrx_word' id='word_1_78' title='bbox 624 2230 730 2321; x_wconf 75' lang='grc' dir='ltr'><strong><em>ρίκονν</em></strong></span> <span class='ocrx_word' id='word_1_79' title='bbox 752 2234 890 2323; x_wconf 74' lang='grc' dir='ltr'><strong><em>εὐγενεῖς</em></strong></span> <span class='ocrx_word' id='word_1_80' title='bbox 911 2231 1004 2315; x_wconf 81' lang='grc' dir='ltr'><strong><em>ὄντες</em></strong></span> <span class='ocrx_word' id='word_1_81' title='bbox 1025 2232 1144 2320; x_wconf 77' lang='grc' dir='ltr'><strong><em>Σύροι,</em></strong></span> 
     </span>
    </p>

    <p class='ocr_par' dir='ltr' id='par_1_6' title="bbox 354 2352 1259 3303">
     <span class='ocr_line' id='line_1_13' title="bbox 399 2352 1241 2445; baseline 0.002 -22"><span class='ocrx_word' id='word_1_82' title='bbox 399 2352 483 2441; x_wconf 78' lang='grc' dir='ltr'><strong><em>μετὰ</em></strong></span> <span class='ocrx_word' id='word_1_83' title='bbox 505 2361 610 2425; x_wconf 82' lang='grc' dir='ltr'><strong><em>ταῦτα</em></strong></span> <span class='ocrx_word' id='word_1_84' title='bbox 633 2357 726 2437; x_wconf 83' lang='grc' dir='ltr'><strong><em>δ’ὡς</em></strong></span> <span class='ocrx_word' id='word_1_85' title='bbox 747 2362 898 2445; x_wconf 80' lang='grc' dir='ltr'><strong><em>λέγουσιν</em></strong></span> <span class='ocrx_word' id='word_1_86' title='bbox 916 2355 1122 2441; x_wconf 76' lang='grc' dir='ltr'><strong><em>Ἑλλήνων”</em></strong></span> <span class='ocrx_word' id='word_1_87' title='bbox 1101 2380 1178 2426; x_wconf 84' lang='grc' dir='ltr'><strong><em>οσον</em></strong></span> <span class='ocrx_word' id='word_1_88' title='bbox 1199 2396 1241 2411; x_wconf 89' lang='grc'><strong>-</strong></span> 
     </span>
     <span class='ocr_line' id='line_1_14' title="bbox 355 2481 1258 2570; baseline 0.002 -25"><span class='ocrx_word' id='word_1_89' title='bbox 355 2482 492 2546; x_wconf 86' lang='lat' dir='ltr'>Primum</span> <span class='ocrx_word' id='word_1_90' title='bbox 514 2504 649 2563; x_wconf 79' lang='lat' dir='ltr'>versum,</span> <span class='ocrx_word' id='word_1_91' title='bbox 670 2486 704 2547; x_wconf 89' lang='lat' dir='ltr'><strong><em>in</em></strong></span> <span class='ocrx_word' id='word_1_92' title='bbox 727 2504 791 2569; x_wconf 89' lang='lat' dir='ltr'><strong><em>quo</em></strong></span> <span class='ocrx_word' id='word_1_93' title='bbox 812 2481 896 2549; x_wconf 84' lang='grc' dir='ltr'><strong><em>εἶτεν</em></strong></span> <span class='ocrx_word' id='word_1_94' title='bbox 909 2486 1022 2569; x_wconf 78' lang='lat' dir='ltr'>scripsi</span> <span class='ocrx_word' id='word_1_95' title='bbox 1035 2504 1098 2570; x_wconf 83' lang='lat' dir='ltr'><strong><em>pro</em></strong></span> <span class='ocrx_word' id='word_1_96' title='bbox 1114 2504 1154 2549; x_wconf 87' lang='grc' dir='ltr'><strong><em>εο</em></strong></span> <span class='ocrx_word' id='word_1_97' title='bbox 1170 2481 1258 2569; x_wconf 86' lang='lat' dir='ltr'><strong>quod</strong></span> 
     </span>
     <span class='ocr_line' id='line_1_15' title="bbox 355 2601 1258 2695; baseline 0.001 -27"><span class='ocrx_word' id='word_1_98' title='bbox 355 2604 539 2669; x_wconf 74' lang='lat' dir='ltr'><strong>Latronnus</strong></span> <span class='ocrx_word' id='word_1_99' title='bbox 566 2601 718 2671; x_wconf 77' lang='lat' dir='ltr'>edidit</span> <span class='ocrx_word' id='word_1_100' title='bbox 677 2626 735 2670; x_wconf 87' lang='grc' dir='ltr'><strong><em>ειτ</em></strong></span> <span class='ocrx_word' id='word_1_101' title='bbox 738 2602 847 2683; x_wconf 82' lang='grc' dir='ltr'><strong><em>ί’στι,</em></strong></span> <span class='ocrx_word' id='word_1_102' title='bbox 875 2609 967 2695; x_wconf 79' lang='lat' dir='ltr'><strong><em>attigi</em></strong></span> <span class='ocrx_word' id='word_1_103' title='bbox 989 2631 1021 2693; x_wconf 86' lang='lat' dir='ltr'>p</span> <span class='ocrx_word' id='word_1_104' title='bbox 1035 2610 1067 2671; x_wconf 85' lang='lat'><strong>9</strong></span> <span class='ocrx_word' id='word_1_105' title='bbox 1117 2606 1258 2691; x_wconf 80' lang='lat' dir='ltr'>Sequen-</span> 
     </span>
     <span class='ocr_line' id='line_1_16' title="bbox 355 2726 1259 2813; baseline 0.002 -22"><span class='ocrx_word' id='word_1_106' title='bbox 355 2730 413 2803; x_wconf 89' lang='lat' dir='ltr'><strong><em>tia,</em></strong></span> <span class='ocrx_word' id='word_1_107' title='bbox 443 2730 475 2791; x_wconf 90' lang='lat' dir='ltr'><strong><em>in</em></strong></span> <span class='ocrx_word' id='word_1_108' title='bbox 505 2726 620 2813; x_wconf 90' lang='lat' dir='ltr'>quihus</span> <span class='ocrx_word' id='word_1_109' title='bbox 651 2738 683 2793; x_wconf 88' lang='lat' dir='ltr'><strong><em>et</em></strong></span> <span class='ocrx_word' id='word_1_110' title='bbox 711 2726 859 2813; x_wconf 85' lang='lat' dir='ltr'><strong><em>dactylus</em></strong></span> <span class='ocrx_word' id='word_1_111' title='bbox 885 2730 1029 2809; x_wconf 77' lang='grc' dir='ltr'><strong><em>πλησίον</em></strong></span> <span class='ocrx_word' id='word_1_112' title='bbox 1049 2732 1183 2795; x_wconf 72' lang='lat' dir='ltr'>vitiosus</span> <span class='ocrx_word' id='word_1_113' title='bbox 1209 2739 1259 2793; x_wconf 83' lang='lat' dir='ltr'><strong><em>est</em></strong></span> 
     </span>
     <span class='ocr_line' id='line_1_17' title="bbox 354 2844 1258 2996; baseline 0.002 -83"><span class='ocrx_word' id='word_1_114' title='bbox 354 2870 416 2913; x_wconf 87' lang='lat' dir='ltr'><strong><em>nec</em></strong></span> <span class='ocrx_word' id='word_1_115' title='bbox 436 2847 638 2934; x_wconf 82' lang='lat' dir='ltr'>productio</span> <span class='ocrx_word' id='word_1_116' title='bbox 629 2872 663 2913; x_wconf 81' lang='lat' dir='ltr'><strong><em>in</em></strong></span> <span class='ocrx_word' id='word_1_117' title='bbox 685 2844 724 2914; x_wconf 83' lang='grc' dir='ltr'><strong><em>τὸ</em></strong></span> <span class='ocrx_word' id='word_1_118' title='bbox 746 2853 825 2934; x_wconf 81' lang='grc' dir='ltr'><strong><em>πρὶν</em></strong></span> <span class='ocrx_word' id='word_1_119' title='bbox 846 2852 923 2916; x_wconf 80' lang='lat' dir='ltr'>ferri</span> <span class='ocrx_word' id='word_1_120' title='bbox 944 2861 1067 2996; x_wconf 65' lang='grc' dir='ltr'><strong><em>ρρίοεί,</em></strong></span> <span class='ocrx_word' id='word_1_121' title='bbox 1089 2855 1124 2917; x_wconf 87' lang='lat' dir='ltr'><strong><em>in</em></strong></span> <span class='ocrx_word' id='word_1_122' title='bbox 1145 2850 1258 2916; x_wconf 79' lang='lat' dir='ltr'>codice</span> 
     </span>
     <span class='ocr_line' id='line_1_18' title="bbox 354 2966 1257 3059; baseline 0.007 -26"><span class='ocrx_word' id='word_1_123' title='bbox 354 2970 512 3034; x_wconf 79' lang='lat' dir='ltr'><strong>habentur</strong></span> <span class='ocrx_word' id='word_1_124' title='bbox 539 2974 598 3035; x_wconf 89' lang='lat' dir='ltr'><strong><em>ita·</em></strong></span> <span class='ocrx_word' id='word_1_125' title='bbox 632 2973 774 3051; x_wconf 87' lang='grc' dir='ltr'><strong><em>πλησίον</em></strong></span> <span class='ocrx_word' id='word_1_126' title='bbox 797 2977 922 3059; x_wconf 78' lang='grc' dir='ltr'><strong><em>χωρίον</em></strong></span> <span class='ocrx_word' id='word_1_127' title='bbox 952 2966 995 3056; x_wconf 87' lang='grc' dir='ltr'><strong><em>ἦν</em></strong></span> <span class='ocrx_word' id='word_1_128' title='bbox 1022 2977 1102 3042; x_wconf 78' lang='grc' dir='ltr'><strong><em>ποτὲ</em></strong></span> <span class='ocrx_word' id='word_1_129' title='bbox 1129 2976 1189 3059; x_wconf 72' lang='grc' dir='ltr'><strong><em>μὲν</em></strong></span> <span class='ocrx_word' id='word_1_130' title='bbox 1217 2968 1257 3039; x_wconf 81' lang='grc' dir='ltr'><strong><em>τὸ</em></strong></span> 
     </span>
     <span class='ocr_line' id='line_1_19' title="bbox 354 3086 1258 3185; baseline 0.004 -28"><span class='ocrx_word' id='word_1_131' title='bbox 354 3093 473 3176; x_wconf 86' lang='grc' dir='ltr'><strong><em>πρὶν</em></strong></span> <span class='ocrx_word' id='word_1_132' title='bbox 459 3086 564 3159; x_wconf 80' lang='grc' dir='ltr'><strong><em>σ’ίκουν</em></strong></span> <span class='ocrx_word' id='word_1_133' title='bbox 592 3091 729 3178; x_wconf 79' lang='grc' dir='ltr'><strong><em>εὐγενεῖς</em></strong></span> <span class='ocrx_word' id='word_1_134' title='bbox 758 3090 850 3175; x_wconf 86' lang='grc' dir='ltr'><strong><em>ὄντες</em></strong></span> <span class='ocrx_word' id='word_1_135' title='bbox 870 3094 992 3185; x_wconf 78' lang='grc' dir='ltr'><strong><em>Σύροι.</em></strong></span> <span class='ocrx_word' id='word_1_136' title='bbox 1047 3095 1258 3163; x_wconf 75' lang='lat' dir='ltr'>scribendum</span> 
     </span>
     <span class='ocr_line' id='line_1_20' title="bbox 354 3218 465 3303; baseline 0 -25"><span class='ocrx_word' id='word_1_137' title='bbox 354 3218 465 3303; x_wconf 76' lang='lat' dir='ltr'>igitur:</span> 
     </span>
    </p>

    <p class='ocr_par' dir='ltr' id='par_1_7' title="bbox 706 3331 1135 3430">
     <span class='ocr_line' id='line_1_21' title="bbox 706 3331 1135 3430; baseline 0.007 -26"><span class='ocrx_word' id='word_1_138' title='bbox 706 3331 752 3407; x_wconf 82' lang='grc' dir='ltr'><strong><em>ὦν</em></strong></span> <span class='ocrx_word' id='word_1_139' title='bbox 773 3338 973 3422; x_wconf 88' lang='grc' dir='ltr'><strong><em>πλησίον</em></strong></span> <span class='ocrx_word' id='word_1_140' title='bbox 938 3366 977 3410; x_wconf 92' lang='grc' dir='ltr'><strong><em>το</em></strong></span> <span class='ocrx_word' id='word_1_141' title='bbox 996 3346 1135 3430; x_wconf 81' lang='grc' dir='ltr'><strong><em>χωρίον·</em></strong></span> 
     </span>
    </p>

    <p class='ocr_par' dir='ltr' id='par_1_8' title="bbox 353 3455 1247 3799">
     <span class='ocr_line' id='line_1_22' title="bbox 399 3455 1170 3553; baseline 0.009 -29"><span class='ocrx_word' id='word_1_142' title='bbox 399 3456 443 3540; x_wconf 82' lang='grc' dir='ltr'><strong><em>ἥν</em></strong></span> <span class='ocrx_word' id='word_1_143' title='bbox 464 3480 544 3525; x_wconf 85' lang='grc' dir='ltr'><strong><em>ποτε</em></strong></span> <span class='ocrx_word' id='word_1_144' title='bbox 566 3462 661 3545; x_wconf 84' lang='grc' dir='ltr'><strong><em>μὲν</em></strong></span> <span class='ocrx_word' id='word_1_145' title='bbox 647 3455 754 3528; x_wconf 84' lang='grc' dir='ltr'><strong><em>σ’ίκουν</em></strong></span> <span class='ocrx_word' id='word_1_146' title='bbox 776 3462 914 3549; x_wconf 81' lang='grc' dir='ltr'><strong><em>ενγενεῖς</em></strong></span> <span class='ocrx_word' id='word_1_147' title='bbox 936 3459 1028 3543; x_wconf 84' lang='grc' dir='ltr'><strong><em>ὄντες</em></strong></span> <span class='ocrx_word' id='word_1_148' title='bbox 1048 3462 1170 3553; x_wconf 83' lang='grc' dir='ltr'><strong><em>Συρον.</em></strong></span> 
     </span>
     <span class='ocr_line' id='line_1_23' title="bbox 354 3581 1256 3677; baseline 0.007 -29"><span class='ocrx_word' id='word_1_149' title='bbox 354 3585 397 3648; x_wconf 80' lang='lat' dir='ltr'><strong><em>At</em></strong></span> <span class='ocrx_word' id='word_1_150' title='bbox 425 3604 576 3669; x_wconf 81' lang='lat' dir='ltr'>quorsum</span> <span class='ocrx_word' id='word_1_151' title='bbox 598 3581 755 3667; x_wconf 75' lang='grc' dir='ltr'><strong><em>εὐγενεῖςί</em></strong></span> <span class='ocrx_word' id='word_1_152' title='bbox 785 3610 825 3651; x_wconf 88' lang='lat' dir='ltr'><strong><em>an</em></strong></span> <span class='ocrx_word' id='word_1_153' title='bbox 848 3590 933 3655; x_wconf 81' lang='lat' dir='ltr'><strong>forte</strong></span> <span class='ocrx_word' id='word_1_154' title='bbox 955 3588 1044 3675; x_wconf 84' lang='lat' dir='ltr'><strong>quod</strong></span> <span class='ocrx_word' id='word_1_155' title='bbox 1066 3590 1193 3677; x_wconf 77' lang='lat' dir='ltr'>Syn,</span> <span class='ocrx_word' id='word_1_156' title='bbox 1183 3612 1205 3654; x_wconf 83' lang='lat'><strong><em>1.</em></strong></span> <span class='ocrx_word' id='word_1_157' title='bbox 1228 3612 1256 3654; x_wconf 85' lang='lat' dir='ltr'><strong>e</strong></span> 
     </span>
     <span class='ocr_line' id='line_1_24' title="bbox 353 3705 1257 3799; baseline 0.008 -30"><span class='ocrx_word' id='word_1_158' title='bbox 353 3705 546 3791; x_wconf 79' lang='lat' dir='ltr'>Leucosyri,</span> <span class='ocrx_word' id='word_1_159' title='bbox 568 3730 585 3771; x_wconf 86' lang='lat' dir='ltr'><strong>a</strong></span> <span class='ocrx_word' id='word_1_160' title='bbox 608 3708 693 3793; x_wconf 78' lang='lat' dir='ltr'>Syro</span> <span class='ocrx_word' id='word_1_161' title='bbox 717 3710 877 3797; x_wconf 81' lang='lat' dir='ltr'>Apollinis</span> <span class='ocrx_word' id='word_1_162' title='bbox 899 3710 969 3793; x_wconf 87' lang='lat' dir='ltr'>filio</span> <span class='ocrx_word' id='word_1_163' title='bbox 992 3734 1096 3799; x_wconf 85' lang='lat' dir='ltr'>genus</span> <span class='ocrx_word' id='word_1_164' title='bbox 1118 3710 1257 3777; x_wconf 63' lang='lat' dir='ltr'>deduce-</span> 
     </span>
    </p>
   </div>
   <div class='ocr_carea' id='block_1_4' title="bbox 0 0 1538 4575">
    <p class='ocr_par' dir='ltr' id='par_1_9' title="bbox 0 0 1538 4575">
     <span class='ocr_line' id='line_1_25' title="bbox 0 0 1538 4575; baseline 0 0"><span class='ocrx_word' id='word_1_165' title='bbox 0 0 1538 4575; x_wconf 95' lang='lat' dir='ltr'><strong><em> </em></strong></span> 
     </span>
    </p>
   </div>
  </div>
 </body>
</html>
