3067 4575
799 542 840 609 14

409 754 545 839 ἔχοντες·
557 747 742 819 olentem
762 745 847 840 πρὸς
867 743 935 832 τὴν
945 745 1089 816 Ἑλλάδα

409 876 467 941 καὶ
487 869 548 953 τὰς
567 868 734 960 ὑποδοχὰς
755 876 821 940 τῶν
843 872 1104 959 recensetos.
1189 900 1191 906 ·

365 997 404 1063 ln
426 998 474 1061 his
502 996 591 1084 quod
611 999 738 1063 vs.182
759 996 881 1086 legitur
905 996 1085 1077 ἑλληνινσῖς
1106 1015 1265 1084 reponen-

365 1118 441 1185 dum
462 1141 533 1186 esse
552 1118 633 1185 vidit
646 1120 872 1200 Hoeschelius·
889 1129 1001 1186 eontra
1021 1138 1113 1205 quern
1128 1120 1265 1187 Letron·

364 1264 425 1309 nus
447 1242 527 1307 haec
548 1246 713 1309 annotavit
734 1266 797 1324 „un
812 1243 907 1323 Grec,
930 1243 1133 1309 connaissant
1149 1264 1184 1307 sa
1198 1242 1265 1309 lan·

364 1386 440 1453 guo,
467 1366 571 1431 aurait
592 1364 640 1431 dit
666 1372 737 1443 τοῖς
757 1367 938 1447 attonuere
960 1366 1081 1445 eoscos
1098 1387 1143 1432 ou
1170 1366 1266 1431 torae

364 1495 436 1563 wic
449 1489 638 1567 ἑλληνικσῖς,
655 1508 700 1553 ou
714 1490 895 1593 έλληνικοῖς
908 1494 977 1565 τοῖς
992 1489 1095 1567 ἔθεσι,
1117 1508 1162 1553 ou
1177 1486 1266 1555 enfin

364 1616 436 1685 τοῖς
457 1610 552 1675 ἔθεσι
572 1618 643 1689 τοῖς
664 1612 852 1693 ἑλληνικοῖς,
874 1613 951 1677 mais
966 1608 1183 1676 difficilement
1196 1606 1266 1689 ’τοῖς

365 1732 482 1800 ἔθεσιν
501 1733 690 1813 ἑλληνικοῖς.
731 1734 759 1799 li
781 1732 918 1799 faudrait
940 1730 1033 1813 donc,
1054 1754 1114 1822 par
1136 1755 1199 1799 une
1221 1732 1267 1801 le'-

366 1855 444 1946 gere
466 1858 705 1943 transposition,
725 1855 785 1921 lire
807 1854 838 1921 le
861 1876 934 1921 vers
952 1858 1044 1921 ainsi:
1063 1856 1209 1944 χρῶνται
1230 1856 1266 1923 dd

366 1977 489 2045 Κελτοὶ
511 1979 607 2045 ἔθεσι
627 1987 697 2055 τοῖς
718 1977 966 2061 ἑλληνικοῖςῆ,
994 1982 1021 2044 si
1042 1988 1136 2045 notre
1158 2000 1265 2045 manu-

366 2104 444 2172 serit
463 2123 506 2167 ne
521 2100 656 2167 donnait
676 2103 858 2183 ἑλληνικῶς,
881 2105 935 2190 qui
956 2103 1067 2167 merite
1089 2112 1180 2169 toute
1195 2102 1266 2192 pre'·

365 2225 528 2292 idrenoe.“
558 2226 633 2314 Ego
654 2246 734 2292 vero
758 2224 836 2313 quid
856 2228 898 2292 sit
918 2226 1060 2294 moribus
1078 2250 1201 2312 graece
1217 2230 1267 2293 oti

368 2348 450 2414 adeo
472 2371 540 2414 non
562 2348 724 2436 intelligo,
748 2360 784 2414 ut
804 2348 989 2414 Hoeschelii
1012 2348 1266 2416 emendationem

367 2470 482 2538 lubens
499 2471 687 2559 amplectar3
708 2493 813 2558 neque
829 2483 897 2538 erat
914 2470 1001 2560 quod
1016 2471 1058 2538 de
1072 2471 1265 2540 soloecismo
1389 2505 1390 2558 r

367 2604 533 2660 vereretur
559 2597 608 2660 vir
629 2593 668 2660 ol.
722 2596 911 2660 Rectissime
945 2599 1028 2662 enim
1057 2596 1171 2669 dieitur
1197 2605 1269 2676 τοῖς,

367 2719 483 2784 ἔθεσιν
506 2717 661 2806 χρῆσθαι
693 2718 885 2796 ἐλληνικοῖς,
920 2719 955 2782 in
983 2741 1047 2806 quo
1077 2720 1267 2786 adiectivum

367 2841 542 2930 praedicati
561 2839 638 2907 loco
660 2843 808 2928 positum.
858 2840 973 2927 Neque
996 2841 1059 2908 hoc
1082 2842 1188 2910 dicere
1209 2865 1267 2910 vo-

367 2963 428 3029 luit
442 2963 607 3050 Seymnus,
628 2967 751 3052 graecis
770 2965 818 3028 uti
831 2962 971 3028 moribus
988 2963 1107 3047 Celtas,
1128 2966 1186 3032 sed
1201 2988 1268 3032 mo-

367 3107 420 3152 res
442 3107 518 3152 suos
539 3090 584 3151 ita
606 3088 820 3166 conformare,
849 3097 884 3152 ut
906 3087 1062 3174 quandam
1085 3112 1155 3155 euru
1177 3111 1268 3179 grae·

368 3212 413 3274 cis
435 3209 576 3274 moribus
598 3209 832 3276 similitudinem
847 3210 995 3276 habeant.
1030 3211 1147 3279 Melius
1168 3215 1268 3279 factu-

277 3334 281 3344 '
367 3355 422 3400 rus
446 3342 514 3398 erat
527 3333 720 3412 Letronnus,
740 3337 768 3398 si
790 3338 885 3398 tertio
910 3355 1027 3416 eorum,
1041 3357 1131 3423 ⁴*quos
1151 3336 1268 3402 adscri-

367 3461 427 3543 psi,
448 3478 598 3522 versuum
606 3456 854 3522 emendatricem
870 3479 994 3524 manum
1010 3458 1211 3539 adhibuisset
1233 3462 1267 3525 iu
1389 3465 1390 3550 ᾗ

369 3623 567 3634 n—-oe—-u—

437 3717 471 3787 l)
488 3717 520 3774 ld
537 3737 602 3775 vero
621 3729 664 3775 est
679 3723 728 3792 τὴν
746 3722 824 3778 νόσον
842 3725 921 3794 μείζω
941 3731 1031 3778 ποιεῖν.
