3067 4575
696 618 740 657 vn

642 686 788 694 -—.-—

264 806 328 877 nisi
352 830 391 876 ea
416 804 579 893 afferrem,
604 830 690 905 quae
714 806 857 904 aliquam
875 807 920 879 ob
936 829 1070 879 causam
1087 806 1168 882 milri

264 950 449 1011 memoratu
480 938 580 1035 digna
610 938 820 1025 viderentur,
857 940 980 1011 ceteris
1016 938 1167 1012 eiusdem

264 1070 392 1143 codicis
417 1072 587 1145 erroribus
612 1073 737 1169 pariter
762 1096 802 1143 ac
820 1068 1060 1145 casauboniani
1085 1098 1167 1169 apo-

263 1204 382 1301 graphi
406 1201 573 1291 sordibus,
598 1229 618 1275 a
637 1200 794 1276 Fabricio
820 1201 1072 1299 diligentissime
1095 1204 1167 1275 cnl-

262 1336 377 1423 lectis,
407 1335 539 1407 silentio
563 1337 824 1433 praetermissis,
855 1337 895 1407 iis
920 1345 1049 1422 autem,
1081 1360 1168 1433 quae

264 1471 478 1541 coniecturae
510 1494 576 1566 ope
601 1472 675 1543 sive
697 1470 740 1542 ab
768 1466 842 1539 aliis
867 1468 939 1539 sive
966 1494 986 1539 a
1010 1494 1065 1543 me
1090 1470 1166 1566 ipso

264 1598 441 1673 emendata
465 1614 594 1688 essent,
618 1600 778 1698 religiose
802 1598 965 1673 indicatis.

337 1730 487 1832 Scymno
511 1746 651 1832 propter
672 1734 859 1831 argumenti
875 1731 1076 1821 affinitatem,
1099 1730 1165 1807 Lc-

263 1867 372 1937 tronni
397 1866 564 1965 exemplo,
588 1864 701 1939 addidi
726 1867 782 1937 cui
804 1892 900 1937 suum
918 1892 1027 1963 nuper
1042 1892 1166 1939 nomen

261 1996 419 2071 Lehrsius
435 2002 589 2087 restituit,
613 1996 769 2099 Dionysii
785 1997 1046 2096 descriptionem
1063 1996 1165 2071 Grae-

262 2133 349 2218 ciae,
380 2132 466 2204 male
490 2131 636 2205 habitam
662 2117 682 2205 a
712 2132 872 2218 librariis,
901 2156 967 2203 nec
998 2132 1118 2205 melius
1146 2158 1166 2205 a

262 2265 401 2350 criticis,
424 2292 514 2338 nnnc
537 2278 659 2351 eutem,
683 2277 721 2338 ut
745 2291 935 2363 speramus,
960 2266 1005 2338 ita
1030 2291 1165 2338 emacu-

261 2397 370 2482 latam,
400 2409 436 2468 ut
459 2398 620 2498 pleraque
645 2400 718 2472 sine
744 2423 864 2495 magna
889 2397 1073 2471 offensione
1097 2398 1165 2496 legi

261 2554 365 2627 posse
389 2527 572 2602 videantur.

334 2658 402 2734 llic
425 2660 525 2734 finem
546 2661 717 2759 praefandi
733 2663 845 2738 facere
869 2690 1016 2762 possem,
1041 2664 1103 2734 nisi
1121 2661 1165 2734 de

262 2796 428 2892 scriptore
451 2791 676 2891 Periegeseos
705 2795 831 2896 aliquid
855 2795 1033 2870 dicendum
1058 2806 1164 2866 resta·

261 2938 323 2999 ret.
361 2927 459 3000 huius
491 2929 646 3000 carminis
675 2927 859 3026 fragmenta
891 2939 1022 3000 constat
1044 2927 1164 3023 partim

262 3058 334 3153 (vs.
361 3062 444 3131 1-
458 3059 554 3153 747)
578 3063 613 3131 in
638 3060 758 3133 codice
787 3085 888 3158 quem
913 3057 980 3132 dixi
1005 3055 1164 3146 Parisino,

259 3194 381 3291 partim
405 3193 477 3287 (vs.
497 3193 569 3267 724
582 3235 629 3248 -—
642 3191 739 3286 978)
765 3193 808 3265 ab
831 3217 1001 3291 anonymo
1026 3202 1163 3264 auctore

260 3321 386 3424 Peripli
410 3323 509 3400 Ponti
533 3324 653 3400 Euxini
686 3338 854 3400 asservata
886 3351 974 3400 esse.
1006 3351 1045 3398 ac
1069 3320 1163 3396 Peri-

258 3459 310 3556 pli
334 3461 479 3557 scriptor
495 3454 668 3556 Periegesi
691 3461 737 3531 ita
760 3485 843 3534 usus
868 3471 930 3546 est,
954 3470 992 3530 ut
1015 3483 1073 3531 eas
1090 3481 1163 3532 car-

261 3593 359 3664 minis
387 3604 517 3690 pnrtes,
546 3617 632 3690 quae
657 3590 700 3664 ad
723 3588 822 3664 Ponti
846 3617 938 3664 oram
963 3602 1163 3688 spectarent,

262 3726 360 3797 metri
392 3724 532 3796 vinculis
564 3723 620 3796 hic
650 3723 717 3796 illic
747 3724 874 3797 solutas
912 3747 991 3796 suae
1023 3723 1163 3796 orationi
