3067 4575
632 565 783 666 —mm

254 775 390 842 Multum
405 775 571 842 molestiae
587 785 735 841 crearunt
749 779 825 840 viris
843 775 945 841 doctis
958 801 1041 865 quae
1052 782 1156 866 primo

253 899 365 964 horum
394 921 542 964 versuum
571 899 721 988 leguntur
747 898 846 963 verba
877 895 948 964 εἶτα
975 897 1059 986 μετὰ
1087 899 1146 969 δύο

253 1021 302 1088 Ae
324 1020 454 1086 mulleri
470 1022 621 1088 Orchom.
644 1046 675 1108 p.
692 1023 756 1087 483
780 1025 964 1087 coniectura
987 1020 1056 1088 εἶτα
1069 1024 1151 1109 μεθ’

252 1140 371 1212 ἑκατόν
393 1143 595 1210 scribendum
620 1147 825 1210 existimantis
850 1168 943 1231 quam
964 1145 1008 1210 ob
1032 1169 1156 1212 eausam

252 1267 383 1354 probari
400 1287 468 1330 non
483 1268 597 1351 possit,
620 1289 676 1332 sua
693 1278 808 1354 sponte
823 1267 1021 1354 intelligitur.
1055 1268 1155 1353 Quod

133 1361 135 1392 ⁵
253 1400 357 1454 eutem
373 1391 584 1454 Buttmannus
607 1392 744 1456 coniecit
762 1384 833 1454 εἶτα
846 1383 930 1475 μετὰ
946 1391 981 1456 δὲ
994 1385 1064 1469 τόν,
1085 1389 1156 1454 bar-

133 1523 134 1530 ’
252 1511 421 1577 batismum
444 1512 542 1576 infert
556 1515 704 1590 sermoni,
727 1533 820 1598 quem
842 1533 884 1576 ne
905 1515 932 1576 is
950 1513 1076 1597 quidem
1092 1517 1156 1578 evi-

253 1637 345 1712 tavit,
379 1637 433 1721 qui
463 1643 600 1700 ceterum
628 1633 739 1722 paulln
768 1638 886 1700 rectius
914 1634 1010 1733 scribi
1037 1635 1154 1700 voluit:

252 1751 457 1843 κώρχόμενός
485 1761 567 1834 ἐστι,
594 1751 678 1841 μετὰ
707 1757 741 1822 δὲ
768 1752 829 1822 τὸν
852 1753 948 1834 πόλις
968 1754 1153 1841 Λεβάδεια.
1208 1801 1211 1806 -

253 1879 336 1946 Sane
358 1901 404 1944 vs.
427 1881 490 1944 101
514 1878 631 1968 legitur
651 1873 735 1965 μετὰ
757 1879 792 1945 δὲ
812 1873 874 1955 τὰς
894 1877 1005 1956 πόλεις
1024 1877 1155 1946 ὑπόκει-

251 2025 307 2066 rcu
322 2005 422 2080 Νῖσα,
445 2001 533 2088 quod
548 2006 796 2088 interpretantur
809 1996 893 2087 perui
909 2003 945 2068 δὲ
957 1998 1081 2078 ταύτας
1094 1998 1155 2080 τὰς

251 2120 375 2203 πόλεις,
404 2124 471 2189 scil.
496 2125 651 2212 Thespias
682 2136 714 2188 et
735 2125 888 2190 Plataeas.
939 2127 1062 2190 Verum
1090 2126 1154 2190 hoe

252 2259 364 2312 eontra
386 2250 525 2313 omnium
548 2269 662 2335 graece
677 2246 874 2333 loquentium
890 2247 1153 2313 consuetudinem
1177 2233 1181 2245 ¹

253 2370 370 2435 dictum
401 2380 461 2445 est;
497 2392 534 2433 ac
563 2392 657 2456 quum
694 2370 796 2435 codex
823 2392 884 2457 pro
918 2366 979 2447 τάς
1007 2372 1154 2437 exhibeat

133 2510 134 2521 ¹
251 2501 340 2571 ταῖς,
368 2497 525 2557 neminem
553 2492 767 2559 dubitaturum
796 2513 891 2579 spero
915 2496 990 2579 quin
1014 2496 1153 2562 scriben-

253 2616 327 2682 dum
350 2620 403 2681 sit:
426 2608 510 2700 pastui
532 2615 567 2679 δέ
588 2638 637 2691 τις
658 2610 752 2691 πόλις
766 2611 934 2681 ὑπόκειται
948 2618 1049 2681 Νῖσα.
1086 2618 1153 2683 De-

251 2742 347 2826 nique
363 2740 518 2803 Latronni
535 2737 723 2817 emendatio,
745 2734 816 2827 aira
836 2734 906 2822 μετ’
923 2734 964 2803 οὐ
982 2733 1075 2813 πολύ,
1097 2761 1153 2803 ne-

252 2882 315 2948 que
338 2860 378 2925 ad
400 2862 492 2925 metri
513 2859 604 2948 leges
627 2859 802 2938 commoda,
827 2880 933 2945 neque
955 2864 1087 2925 omnino
1110 2862 1152 2927 ad

251 2987 491 3071 persuasionem
513 2982 689 3069 probabilis
712 2984 769 3047 est.
820 2983 901 3047 Mihi
922 3002 991 3045 non
1013 2983 1152 3048 dubitari

251 3128 349 3195 posse
370 3106 512 3185 videtur,
538 3109 616 3192 quin
637 3108 671 3171 in
692 3103 800 3169 verbis
821 3098 904 3187 μετὰ
926 3098 986 3169 δύο
1002 3104 1073 3169 ieci
1093 3128 1153 3171 no-

251 3249 324 3293 men
352 3227 463 3305 lateat;
492 3227 632 3315 proinde
662 3226 886 3315 corrigendum
914 3226 1054 3293 arbitror
1082 3225 1153 3294 εἶτα

210 3342 211 3345 “
252 3346 458 3436 Marcipores,
487 3350 527 3417 de
556 3373 620 3437 quo
649 3353 728 3417 haee
749 3351 884 3439 legimus
912 3351 998 3438 apud
1019 3352 1153 3438 Stepha-

252 3494 327 3538 num
342 3476 421 3561 Byz.
444 3498 474 3561 p.
492 3476 565 3553 198,
588 3477 644 3543 38:
668 3470 868 3560 Μετάχοιον,
894 3472 1055 3563 φρούριον
1067 3475 1170 3545 Βοι-.

254 3598 352 3673 uriae
379 3591 501 3681 μεταξὺ
524 3594 722 3685 Ὀρχομενοῦ
749 3600 804 3663 καὶ
834 3600 1034 3682 Κορωνείας.
1085 3597 1152 3665 Co·

251 3739 352 3784 ronea
381 3742 475 3806 quum
503 3720 630 3786 modico
665 3720 834 3787 intervallo
868 3744 885 3783 a
912 3720 1062 3786 Lebadea
1090 3720 1152 3786 dis

931 3848 951 3909 4
