3067 4575
645 507 725 624 '65

632 646 780 658 *-

563 855 621 919 Vs.
645 855 710 920 963
725 893 770 904 -
785 857 838 923 65.

295 1009 370 1080 Ἐπὶ
391 1007 451 1080 τὸν
471 1009 577 1079 τόπον
598 1007 727 1078 κτίσασ’
746 1006 923 1096 ὁμώνυμον
942 1007 1041 1078 πόλιν

295 1130 477 1223 Ἅμαστρις,
497 1130 688 1216 Ὀξυάθρου
707 1135 769 1218 μὲν
789 1137 1007 1222 ἱστορουμένη

297 1255 453 1344 θυγάτηρ
474 1252 668 1342 ὑπάρχουσ’,
691 1253 734 1331 ὡς
756 1252 863 1341 λόγος,
884 1257 947 1322 τοῦ
964 1251 1143 1344 Περσικοῦ.

253 1384 361 1448 Primo
383 1403 479 1448 versu
501 1379 723 1468 reponendum
745 1381 887 1446 ἐπὶτῶν
905 1375 1031 1457 τόποι,
1053 1388 1088 1444 et
1107 1400 1157 1443 se·

255 1504 361 1570 cundo
383 1498 549 1590 ὑπάρχειν.
589 1504 626 1568 ln
649 1505 688 1566 iis
711 1525 795 1589 quae
816 1505 959 1589 proxime
980 1509 1157 1587 sequuntur

252 1637 518 1695 commemoratur
545 1627 733 1710 Παρθένιος
767 1625 898 1705 fluvius,
931 1646 1024 1711 quem
1060 1646 1156 1710 quum

254 1769 364 1816 omnes
388 1759 571 1814 constanter
584 1750 789 1835 Παρθένιον
804 1749 918 1828 dicant,
940 1769 982 1814 ne
997 1749 1156 1834 scymnus

253 1872 381 1960 quidem
410 1872 503 1938 aliter
530 1871 647 1937 dixisse
674 1871 854 1938 censendus
884 1883 942 1938 est
998 1872 1155 1936 Nimirum

253 1997 440 2081 Παρθένης
455 2019 492 2062 ex
507 1990 685 2084 Πάρθινις
700 2011 883 2083 corruptum
899 2006 955 2074 est,
977 2015 1040 2081 qua
1053 1994 1156 2059 iorma

252 2141 330 2185 suae
351 2121 463 2184 aetatis
484 2139 604 2183 morem
622 2129 760 2204 sequens
775 2141 853 2184 usus
873 2128 942 2183 erat
957 2119 1154 2204 Anonymus.

253 2242 403 2311 Similiter
430 2263 523 2328 quem
555 2240 685 2307 fluvium
713 2252 840 2307 veteres
870 2240 988 2307 Graeci
1015 2237 1156 2327 Σαγγά-

245 2377 326 2453 *psov
348 2363 505 2443 dicehaut,
528 2366 693 2453 Procopio
716 2365 821 2431 Aedis.
843 2367 885 2445 V,
906 2368 929 2431 3
951 2365 1157 2451 aliisqueest

253 2484 439 2575 Σάγγορις.
490 2488 540 2553 Ad
570 2488 702 2555 eandem
730 2492 888 2554 rationem
916 2488 1054 2554 formata
1081 2498 1156 2554 sunt

138 2680 139 2687 χ
254 2632 336 2699 quae
365 2610 548 2697 frequenter
572 2611 726 2701 leguntur
753 2615 787 2680 in
815 2610 917 2677 titulis
945 2614 1069 2701 graecis
1096 2631 1156 2675 no

253 2737 338 2800 mina
366 2728 517 2811 Διόνυσος
544 2758 588 2795 =
616 2730 799 2813 Διονύσιος,
835 2728 984 2821 Αὕρηλις
1008 2758 1054 2795 =
1082 2730 1155 2799 Αὐ-

253 2854 379 2945 ρήλιος,
399 2849 519 2933 ”Invita
539 2880 585 2917 =
602 2852 747 2935 Ἰούλιος.
794 2857 920 2925 Confer
941 2854 1154 2921 Weiskerum

252 2980 334 3067 Syll.
356 2980 466 3068 Epigr.
489 3003 521 3066 p.
537 2978 590 3045 18.

319 3104 408 3168 Haec
429 3102 498 3169 iere
520 3112 607 3179 suut,
634 3124 715 3188 quae
737 3100 780 3167 de
801 3098 1053 3189 corruptionibus
1075 3100 1155 3187 Scy-

252 3228 317 3292 mni
345 3224 427 3291 locis
456 3224 592 3291 dicenda
620 3225 731 3305 habiri,
759 3225 875 3313 quibus
901 3231 1036 3312 propter
1060 3245 1155 3314 argu-

251 3352 350 3415 menti
377 3348 563 3415 affinitatem
585 3348 730 3415 adiiciam
759 3348 880 3436 aliquid
903 3352 1155 3445 coniecturarum

251 3474 286 3537 iu
307 3473 460 3558 Dionysii
488 3471 734 3561 descriptionem
757 3472 927 3553 Graeciae,
955 3472 1056 3537 futilis
1076 3492 1157 3556 saue

252 3604 287 3660 et
311 3597 411 3659 ieiuni
432 3598 596 3682 scriptoris
618 3595 760 3661 libellum
788 3607 822 3661 et
842 3595 884 3661 ad
907 3596 1039 3683 Seymni
1061 3594 1155 3662 uber-

251 3726 349 3785 tatem
379 3726 412 3783 et
432 3721 558 3808 copiam
586 3740 653 3788 uon
676 3716 936 3808 comparandum,
963 3717 1025 3785 sed
1047 3728 1154 3785 tamen

867 3844 890 3909 3
903 3840 952 3889 aa
