3067 4575
1594 533 1681 599 40

741 744 987 832 grapho
1032 741 1341 807 Palatin0.
1408 743 1524 806 His
1568 743 1815 826 scriptis
1856 739 2048 805 video
2094 743 2163 804 in
2208 760 2287 804 eo
2335 761 2374 803 a
2403 761 2538 826 quo

744 888 1006 932 exorsus
1047 888 1183 931 sum
1225 886 1417 928 versu
1458 866 1665 950 ipsum
1709 862 1871 928 illud
1914 862 2089 949 quod
2132 861 2542 928 scribendum

745 991 1014 1066 conieci,
1058 990 1177 1066 τῆς
1221 988 1570 1070 λεγομένης
1607 979 1981 1063 Ἄτλαντος,
2024 984 2156 1073 legi
2197 987 2265 1050 in
2309 984 2542 1051 codice

745 1112 1048 1189 Parisino,
1088 1108 1502 1184 Ἀτλαντίδος
1546 1118 1753 1172 autem
1801 1131 1837 1172 e
1869 1106 2126 1173 Krebsii
2168 1111 2541 1173 coniectura

743 1243 1068 1319 receptum
1128 1253 1298 1309 esse,
1355 1235 1533 1296 cuius
1579 1253 1762 1316 quam
1808 1252 2059 1297 causam
2108 1229 2400 1296 habuerit
2440 1234 2543 1296 vir

745 1355 972 1422 doctus
1014 1355 1165 1420 mihi
1214 1359 1676 1440 incompertum
1723 1364 1837 1418 est.

1427 1564 1544 1627 Vs·
1589 1563 1716 1628 687
1762 1527 1854 1649 aq.

2485 1626 2521 1641 l

845 1714 979 1784 Τὸν
1007 1713 1375 1805 Δάρδανον
1398 1720 1467 1785 δὲ
1510 1715 1788 1786 λιπόντα
1830 1715 1982 1797 τούς
2022 1715 2264 1797 τόπους
2288 1721 2546 1808 προτοῦ

833 1836 998 1930 πρὸς
1038 1838 1162 1924 τὴν
1199 1838 1522 1930 ὑπώρειαν
1564 1865 1637 1926 γε
1680 1844 1800 1922 τῆς
1830 1835 2009 1922 Ἴδης
2050 1845 2270 1909 κτίσαι
2306 1879 2397 1891 -

746 1967 989 2031 Primus
1046 1966 1269 2030 horum
1313 1987 1605 2031 versuum
1664 1986 1791 2051 quo
1846 1969 2106 2031 nomine
2145 1967 2411 2031 vitiosus
2455 1969 2545 2032 sit

747 2112 937 2176 supra
981 2089 1062 2152 ad
1107 2109 1193 2153 va.
1229 2091 1356 2153 159
1401 2088 1743 2154 indicatum
1787 2097 1911 2165 est3
1966 2091 2216 2176 προτοῦ
2265 2111 2341 2154 ex
2383 2110 2544 2176 apo-

747 2211 992 2301 grapho
1052 2210 1339 2276 Palatino
1396 2210 1639 2277 illatum
1698 2210 1901 2277 codex
1958 2213 2206 2277 omittit.
2316 2213 2543 2300 Itaque

746 2334 1117 2425 legendum:
1185 2328 1301 2400 τὸν
1361 2330 1711 2423 Δάρδανον
1767 2336 1837 2402 δὲ
1895 2329 1978 2416 δὴ
2045 2331 2322 2402 λιπόντα
2384 2330 2543 2414 τοὺς

746 2481 1004 2535 τοπους.

1341 2635 1458 2697 Vs.
1505 2636 1631 2700 707
1667 2672 1746 2685 -
1781 2637 1927 2701 710.

826 2788 1016 2873 Ἑξῆς
1050 2789 1353 2869 Ἐλαιοῦς
1390 2786 1685 2872 Ἀττικὴν
1730 2788 2041 2857 ἀποικίαν

833 2916 1100 3001 ἔχουσα,
1153 2915 1439 3000 Φορβῶν
1480 2908 1567 2996 ἢν
1612 2916 1981 3016 συνοικίσαι
2019 2915 2211 2981 δοκεῖ.

834 3038 1054 3103 ἔπειτα
1095 3033 1316 3117 πόλεις
1357 3030 1633 3119 Σηστὸς
1674 3034 1733 3103 κ’
1767 3031 2040 3123 Ἄβυδος
2081 3038 2370 3123 κείμεναι

835 3162 942 3226 ἐπὶ
983 3163 1104 3227 τοῦ
1147 3157 1566 3247 στενοτάτου,
1610 3162 1926 3247 Λεσβίων
1971 3149 2166 3227 οὖσαι
2207 3162 2462 3237 κτίσεις.

747 3318 960 3383 Versu
1015 3320 1221 3404 primo
1265 3319 1534 3384 Palatini
1590 3318 1796 3383 scriba
1833 3316 2188 3386 ἸΞἎαιοῦσα
2241 3317 2539 3400 exhibuit,

751 3440 948 3505 forma
1007 3442 1304 3505 inusitata
1360 3439 1643 3526 quidem,
1701 3451 1767 3505 at
1816 3442 2022 3529 proba
2072 3451 2281 3507 tamen
2326 3440 2541 3507 simili-

748 3562 990 3649 busque
1034 3561 1334 3649 exemplis
1379 3557 1800 3629 defendenda.
1889 3566 1985 3630 Ita
2040 3567 2338 3657 Ταφιοῢς
2389 3563 2543 3630 dici-

751 3698 852 3748 tur
881 3696 947 3751 et
985 3686 1396 3777 Ταφιοῦσσα,
1439 3686 1771 3772 Κοχλιοῦς
1800 3698 1868 3755 et
1894 3688 2337 3775 Κοχλιοῦσσα,
2394 3688 2542 3753 Τει-
