3067 4575
1245 562 1361 627 111

399 777 607 858 μέγας
651 774 903 860 διαρρεῖ
946 766 1245 855 ποταμὸς
1287 774 1393 835 ἐπί
1437 753 1504 835 τε
1550 766 1634 835 τὰ
1680 769 1877 837 στενά

415 898 640 981 Τέμπη
687 891 954 975 διήκων,
998 890 1120 973 τήν
1163 917 1231 958 τε
1275 888 1439 979 πρὸς
1481 894 1575 976 τῷ
1621 896 1858 978 Πηλίῳ

395 1021 639 1102 λίμνην
681 1018 981 1101 βαθεῖαν
1023 1019 1378 1101 λεγομένην
1431 1016 1776 1100 Βοιβηΐδα.

395 1144 478 1233 τῇ
530 1142 856 1223 Θετταλίᾳ
900 1136 957 1204 δ’
997 1136 1149 1204 ἔσθ’
1189 1135 1435 1227 ὅμορος
1473 1135 1885 1222 Ἀθαμανία,

396 1258 718 1329 Δολόπων
759 1285 830 1327 τε
875 1262 1276 1349 Περραιβῶν
1320 1285 1388 1327 τε
1433 1258 1836 1345 συνορίζοντ’
1876 1262 2047 1341 ἔθνη
2244 1266 2340 1319 61-’ἶ1

399 1381 490 1451 τά
533 1383 591 1449 τ’
635 1380 1000 1463 Αἰνιάνων,
1049 1388 1283 1461 οἵτινες
1325 1385 1457 1449 τῶν
1499 1380 1819 1467 Αἱμόνων

327 1521 355 1542 “
401 1509 670 1573 δοκοῦσι
713 1509 1064 1573 Λαπιθῶν
1111 1501 1563 1591 Μυρμιδόνων
1605 1529 1677 1571 τε
1718 1511 2071 1591 γεγονέναι.

399 1628 561 1715 ὑπὲρ
605 1624 690 1694 τὰ
747 1632 973 1713 Τέμπη
1019 1627 1082 1694 δ’
1123 1632 1296 1697 ἔστιν
1338 1626 1381 1709 ἡ
1428 1630 1560 1693 τῶν
1606 1624 2015 1696 Μακεδόνων

395 1738 584 1829 χώρα
629 1736 815 1827 παρὰ
856 1736 974 1807 τὸν
1007 1736 1343 1826 Ὄλυμπον
1385 1737 1534 1821 ἑξῆς
1576 1745 1853 1825 κειμένη,

399 1856 482 1946 ἧς
526 1887 696 1956 φασι
737 1865 1127 1947 βασιλεῦσαι
1172 1858 1554 1929 Μακεδόνα.
1581 1865 1855 1947 γηγενῆ·
2244 1874 2344 1925 62ῑ.1Ι

401 1990 608 2066 ἔθνος
650 1983 728 2053 τὸ
774 1990 1186 2073 Λυγκηστῶν
1229 1986 1299 2063 δὲ
1343 1990 1454 2053 καὶ
1497 1988 1631 2051 τῶν
1672 1985 2097 2071 ΙΙελαγόνων,

400 2113 532 2177 τῶν
574 2116 883 2197 κειμένων
925 2108 1074 2190 έξ-ῆς
1117 2133 1186 2175 τε
1230 2105 1415 2198 παρὰ
1459 2102 1577 2175 τὸν
1616 2107 1831 2188 Ἄξιον

401 2236 515 2300 καὶ
559 2234 980 2312 Βοττεατῶν,
1024 2234 1155 2298 τῶν
1198 2254 1268 2298 τε
1311 2234 1458 2318 περὶ
1502 2226 1623 2299 τὸν
1666 2229 2054 2320 Στρυμόνα.

403 2364 474 2423 ἐν
517 2358 595 2447 τῇ
638 2359 958 2440 μεσογείῳ
1003 2353 1060 2420 δ’
1101 2357 1224 2421 εὶσὶ
1267 2357 1388 2442 μὲν
1429 2358 1677 2422 πολλαὶ
1716 2353 1952 2436 πόλεις,

401 2478 446 2560 ἡ
495 2479 726 2544 Πέλλα
771 2481 882 2544 καὶ
925 2478 1180 2563 Βέροια
1225 2476 1283 2542 δ’
1326 2484 1873 2569 ἐπιφανέσταται·
2244 2485 2344 2539 625

402 2608 476 2667 ἐν
518 2598 818 2686 παραλία
862 2599 931 2664 δὲ
983 2599 1420 2681 Θετταλονίκη
1465 2599 1710 2669 Πύδνα
1752 2626 1843 2669 τε.

402 2720 750 2812 κάμψαντι
791 2715 914 2802 τὴν
957 2716 1171 2807 ἄκραν
1216 2724 1284 2789 δὲ
1336 2719 1458 2804 τὴν
1500 2727 1909 2810 καλουμένην

402 2845 682 2914 ,Α’ίνειαν
727 2843 770 2925 ἡ
813 2846 970 2929 πρὶν
1012 2850 1328 2929 γενομένη
1372 2848 1769 2936 Κορινθίων

510 3076 630 3130 614.
675 3075 708 3145 ἡ
740 3075 1055 3147 Ἀθαμανία
1091 3072 1154 3131 C.
1190 3133 1202 3154 ι
1287 3077 1408 3130 615.
1447 3079 1770 3148 Περραίβων.
1902 3077 2021 3130 621.
2060 3063 2211 3149 Λυγ-

404 3169 605 3241 κηστῶν
641 3166 710 3233 Μ,
747 3169 1056 3241 Λυγκιστῶν
1093 3167 1157 3224 C.
1197 3167 1310 3225 Cfr.
1369 3167 1667 3224 Commeat.
1706 3189 1759 3246 p.
1784 3170 1869 3224 36.
1930 3173 2210 3240 Πελασγό-

403 3286 505 3317 νων
541 3259 605 3318 C.
746 3263 868 3317 622.
905 3263 1109 3334 ἑξῆςτε
1147 3261 1227 3329 Μ,
1273 3271 1374 3334 ἔχει
1408 3287 1466 3319 τε
1504 3260 1569 3319 C.
1638 3263 1844 3324 ,Ἀξιόνα
1880 3260 1942 3320 C.
2007 3294 2010 3297 >
2087 3267 2207 3321 6⁸23.

407 3362 500 3411 καὶ
531 3374 634 3432 pro
668 3361 772 3413 τῶν
805 3353 867 3413 L.
940 3361 1254 3414 Βοττεατῶν
1286 3356 1371 3426 Μ,
1407 3362 1725 3414 Βουτεατῶν
1761 3355 1825 3414 C.
1900 3356 2014 3414 Cfr.
2053 3357 2211 3416 Com-

406 3458 568 3505 ment.
604 3454 771 3528 1⁸:37.
862 3449 1148 3508 Consimili
1187 3472 1374 3508 errore
1421 3453 1476 3508 in
1523 3451 1740 3508 oraculo
1786 3451 1929 3530 apud
1960 3451 2210 3510 Welcke·

408 3562 527 3601 rum
556 3543 712 3619 Syll.
760 3547 930 3623 epigr.
971 3566 1026 3623 p.
1060 3549 1168 3602 263
1210 3553 1485 3619 Βουτηῑδα
1527 3545 1725 3623 legitur
1765 3566 1867 3624 pro
1912 3553 2206 3618 Βοττηΐδα.

409 3641 560 3713 παρὰ
595 3640 722 3696 vein?
784 3639 897 3697 Cfr.
935 3638 1141 3699 Comm.
1178 3638 1212 3696 l.
1238 3639 1275 3697 l.
1405 3643 1531 3699 628.>
1565 3647 1781 3698 Αἴνειαν
1817 3638 1881 3707 L,
1916 3646 2107 3698 Λῖνιαν
2142 3638 2205 3697 C.

409 3729 616 3790 Forsan
651 3732 945 3817 ,Almeao'ui'.x
