3067 4575
742 520 889 623 *32*

367 729 473 797 sedin
494 730 663 816 peninsula
677 729 759 797 ultre
774 732 918 797 isthmum
935 734 1077 819 proiecte
1092 734 1266 799 Tarentum

306 937 309 942 Ι
367 856 460 919 situm
489 853 587 919 fuisse
614 854 782 944 intelliget
833 855 941 921 Docet
968 855 1031 920 boc
1058 857 1132 920 satis
1157 865 1266 942 operte

367 975 483 1041 Strabo
498 976 555 1055 Vl,
577 1001 608 1063 p.
624 979 704 1043 278:
729 974 881 1043 ἐνταῦθα
903 971 1002 1063 λιμήν
1024 972 1094 1043 ἐστι
1114 981 1266 1064 μέγιστος

367 1100 424 1163 καὶ
451 1094 624 1175 κάλλιστος
650 1094 779 1189 γεφύρᾳ
806 1094 991 1184 κλοιόμενος
1015 1096 1154 1191 μεγάλῃ,
1183 1122 1266 1167 στα-

367 1221 447 1287 δίων
475 1218 505 1285 δ’
524 1219 613 1287 ἐστὶν
633 1216 753 1288 ἑκατὸν
774 1216 835 1302 τὴν
856 1224 1059 1309 περίμετρον.
1090 1218 1125 1285 ἑκ
1147 1223 1181 1288 δὲ
1204 1223 1266 1289 τοῦ
1393 1282 1394 1297 ,

366 1338 450 1432 πρὸς
477 1338 537 1409 τὸν
557 1339 663 1428 μυχὸν
690 1349 809 1431 μέρους
835 1338 964 1430 ἰσθμὸν
990 1351 1078 1409 ποιεῖ
1097 1337 1181 1430 πρὸς
1202 1338 1265 1424 τὴν

367 1463 427 1546 ἔξω
449 1461 641 1543 θάλατταν,
666 1461 744 1532 ὥστ’
766 1465 819 1533 ἐπὶ
837 1462 1026 1554 χερρονήσῳ
1047 1467 1183 1533 κεῖσθαι
1203 1461 1265 1546 τὴν

367 1584 471 1665 πόλιν,
493 1590 549 1653 καὶ
563 1582 605 1652 τοὶ
618 1589 720 1653 πλοῖα
732 1585 1032 1676 ὑπερνεωλκεῖοθαι
1052 1589 1174 1674 ῥᾳδίως
1188 1592 1264 1655 dxc·
1393 1582 1394 1585 ¹

366 1711 528 1797 τέρωθεν,
554 1712 711 1775 ταπεινοῦ
739 1705 835 1789 ὄντος
856 1713 916 1776 τοῦ
938 1708 1081 1797 αὐχένος.
1109 1704 1265 1777 ταπεινὸν

367 1832 403 1897 ee
429 1834 486 1898 καὶ
513 1826 551 1898 τὰ
580 1834 639 1912 τῆς
665 1827 790 1909 πόλεως
817 1832 955 1931 reapse,
981 1830 1099 1918 μικρὸν
1127 1830 1157 1897 δ’
1176 1828 1264 1917 ὅμως

367 1954 506 2039 ἐπῆρται
526 1949 609 2041 πρὸς
629 1949 691 2035 τὴν
712 1950 900 2039 ἀκρόπολιν.
946 1956 993 2019 Ex
1014 1956 1071 2033 his,
1094 1978 1175 2042 quae
1196 1977 1264 2021 nou

367 2078 437 2141 sine
458 2077 563 2142 fructu
587 2100 656 2143 cum
672 2076 885 2165 descriptione
900 2079 1051 2165 Procopii
1066 2076 1148 2143 Bell.
1165 2076 1262 2143 Goth.

367 2199 421 2277 111,
435 2200 480 2266 23
502 2200 776 2288 comparabuntur,
791 2211 933 2291 apertum
949 2222 1018 2266 esse
1035 2199 1179 2276 arbitror,
1197 2220 1264 2263 uon

368 2325 443 2387 sutis
470 2316 557 2389 recte
585 2327 620 2388 in
646 2325 792 2390 isthmum
821 2326 930 2390 urbem
961 2320 1169 2408 συνάγεσθαι
1192 2322 1263 2388 dici.

368 2444 434 2512 Sed
456 2445 542 2512 aliud
566 2449 658 2510 etiem
679 2449 851 2512 intervenit
870 2448 1119 2513 incommodum:
1141 2445 1265 2542 pervel-

368 2566 431 2632 lem
454 2571 537 2632 enim
559 2572 619 2634 viri
640 2567 814 2634 doctissimi
835 2567 1035 2650 indicassent,
1058 2569 1170 2657 quibus
1185 2568 1265 2656 legi-

368 2689 430 2756 bus
451 2712 602 2756 numeros
619 2713 739 2769 versus,
761 2703 859 2778 prout
879 2695 949 2778 ipse
973 2715 1043 2758 eum
1067 2691 1265 2770 effinxemut,

369 2815 473 2878 metiri
495 2813 664 2878 voluerint.
716 2813 874 2880 Omnibus
901 2817 1000 2902 igitur
1022 2817 1167 2882 accurate
1187 2835 1265 2900 pen-

369 2937 480 3010 sitatis,
501 2935 600 3000 eredo
623 2936 769 3023 equidem
782 2936 955 3024 Scymnum
976 2942 1037 3004 ista
1051 2941 1086 3006 in
1100 2938 1185 3002 bunc
1199 2959 1265 3002 mo

371 3057 445 3126 dum
467 3060 644 3144 scripsisse:

413 3185 618 3267 σνναγομένη
638 3176 704 3269 γὰρ
725 3183 852 3267 λιμέσιν
873 3179 926 3248 ἐπὶ
947 3182 1051 3262 νῆσον
1073 3183 1167 3249 δυσίν
1190 3221 1230 3235 -

369 3305 418 3367 Ac
438 3325 481 3368 ne
503 3306 573 3388 quis
594 3303 728 3370 insulam
751 3304 814 3370 dici
836 3307 972 3383 miretur,
994 3304 1051 3370 ubi
1065 3305 1265 3392 peninsulam

260 3437 262 3441 ’
369 3429 537 3492 memorari
570 3438 747 3514 exspectes,
784 3427 901 3492 Graeci
934 3427 1081 3515 quicquid
1111 3439 1266 3495 terrorum

370 3547 473 3638 longo
488 3559 589 3616 tractu
604 3554 638 3616 in
648 3572 734 3616 mare
747 3552 925 3640 proiectum
941 3561 1026 3618 esset
1039 3553 1143 3632 νῆσον
1156 3551 1266 3639 appel·

370 3671 488 3753 labant,
510 3676 599 3741 cuius
621 3694 697 3738 usus
718 3674 916 3742 immemores
933 3675 1062 3742 inerunt
1075 3677 1264 3764 interpretes
