<?xml version="1.0" encoding="UTF-8"?>
<!DOCTYPE html PUBLIC "-//W3C//DTD XHTML 1.0 Transitional//EN"
    "http://www.w3.org/TR/xhtml1/DTD/xhtml1-transitional.dtd">
<html xmlns="http://www.w3.org/1999/xhtml" xml:lang="en" lang="en">
 <head>
  <title>
</title>
<meta http-equiv="Content-Type" content="text/html;charset=utf-8" />
  <meta name='ocr-system' content='tesseract 3.04.00' />
  <meta name='ocr-capabilities' content='ocr_page ocr_carea ocr_par ocr_line ocrx_word'/>
</head>
<body>
  <div class='ocr_page' id='page_1' title='image "./scymnichiiperie00callgoog_0022.png"; bbox 0 0 3067 4575; ppageno 0'>
   <div class='ocr_carea' id='block_1_1' title="bbox 764 558 822 598">
    <p class='ocr_par' dir='ltr' id='par_1_1' title="bbox 764 558 822 598">
     <span class='ocr_line' id='line_1_1' title="bbox 764 558 822 598; baseline -0.034 0"><span class='ocrx_word' id='word_1_1' title='bbox 764 558 822 598; x_wconf 76' lang='grc' dir='ltr'>ΧΠ</span> 
     </span>
    </p>
   </div>
   <div class='ocr_carea' id='block_1_2' title="bbox 337 745 1244 2410">
    <p class='ocr_par' dir='ltr' id='par_1_2' title="bbox 337 745 1244 1615">
     <span class='ocr_line' id='line_1_2' title="bbox 340 745 1243 846; baseline -0.003 -28"><span class='ocrx_word' id='word_1_2' title='bbox 340 747 658 846; x_wconf 83' lang='lat' dir='ltr'>chorographorum,</span> <span class='ocrx_word' id='word_1_3' title='bbox 681 745 806 819; x_wconf 86' lang='lat' dir='ltr'>nedum</span> <span class='ocrx_word' id='word_1_4' title='bbox 832 746 968 817; x_wconf 80' lang='lat' dir='ltr'><strong>obscuri</strong></span> <span class='ocrx_word' id='word_1_5' title='bbox 992 747 1135 817; x_wconf 83' lang='lat' dir='ltr'>nominis</span> <span class='ocrx_word' id='word_1_6' title='bbox 1159 747 1243 816; x_wconf 89' lang='lat' dir='ltr'>scri-</span> 
     </span>
     <span class='ocr_line' id='line_1_3' title="bbox 338 876 1242 977; baseline -0.003 -26"><span class='ocrx_word' id='word_1_7' title='bbox 338 892 472 977; x_wconf 89' lang='lat' dir='ltr'>ptorem</span> <span class='ocrx_word' id='word_1_8' title='bbox 497 893 532 953; x_wconf 89' lang='lat' dir='ltr'>et</span> <span class='ocrx_word' id='word_1_9' title='bbox 555 883 724 952; x_wconf 80' lang='lat' dir='ltr'>rarissime</span> <span class='ocrx_word' id='word_1_10' title='bbox 748 876 958 975; x_wconf 84' lang='lat' dir='ltr'>aStephaoo</span> <span class='ocrx_word' id='word_1_11' title='bbox 980 879 1023 951; x_wconf 93' lang='lat' dir='ltr'>ad</span> <span class='ocrx_word' id='word_1_12' title='bbox 1047 890 1162 975; x_wconf 85' lang='lat' dir='ltr'>partes</span> <span class='ocrx_word' id='word_1_13' title='bbox 1181 905 1242 949; x_wconf 92' lang='lat' dir='ltr'>vo-</span> 
     </span>
     <span class='ocr_line' id='line_1_4' title="bbox 340 1009 1244 1109; baseline -0.004 -24"><span class='ocrx_word' id='word_1_14' title='bbox 340 1025 461 1100; x_wconf 84' lang='lat' dir='ltr'>catum,</span> <span class='ocrx_word' id='word_1_15' title='bbox 491 1013 535 1085; x_wconf 88' lang='lat' dir='ltr'>de</span> <span class='ocrx_word' id='word_1_16' title='bbox 567 1013 637 1085; x_wconf 88' lang='lat' dir='ltr'>sola</span> <span class='ocrx_word' id='word_1_17' title='bbox 661 1012 798 1109; x_wconf 84' lang='lat' dir='ltr'>Europa</span> <span class='ocrx_word' id='word_1_18' title='bbox 823 1009 971 1083; x_wconf 82' lang='lat' dir='ltr'><strong>sedecim</strong></span> <span class='ocrx_word' id='word_1_19' title='bbox 998 1012 1102 1083; x_wconf 88' lang='lat' dir='ltr'>libros</span> <span class='ocrx_word' id='word_1_20' title='bbox 1127 1010 1244 1082; x_wconf 87' lang='lat' dir='ltr'>condi-</span> 
     </span>
     <span class='ocr_line' id='line_1_5' title="bbox 339 1144 1244 1244; baseline 0 -29"><span class='ocrx_word' id='word_1_21' title='bbox 339 1144 452 1217; x_wconf 86' lang='lat' dir='ltr'>disse?</span> <span class='ocrx_word' id='word_1_22' title='bbox 475 1149 588 1244; x_wconf 89' lang='lat' dir='ltr'>itaque</span> <span class='ocrx_word' id='word_1_23' title='bbox 603 1172 672 1216; x_wconf 89' lang='lat' dir='ltr'>ooo</span> <span class='ocrx_word' id='word_1_24' title='bbox 687 1148 914 1242; x_wconf 78' lang='lat' dir='ltr'>vituperarem</span> <span class='ocrx_word' id='word_1_25' title='bbox 932 1145 1098 1243; x_wconf 84' lang='lat' dir='ltr'><strong>equidem,</strong></span> <span class='ocrx_word' id='word_1_26' title='bbox 1124 1146 1152 1215; x_wconf 91' lang='lat' dir='ltr'>si</span> <span class='ocrx_word' id='word_1_27' title='bbox 1169 1146 1244 1242; x_wconf 88' lang='lat' dir='ltr'>quis</span> 
     </span>
     <span class='ocr_line' id='line_1_6' title="bbox 338 1276 1242 1377; baseline 0 -30"><span class='ocrx_word' id='word_1_28' title='bbox 338 1302 405 1348; x_wconf 87' lang='lat' dir='ltr'>nou</span> <span class='ocrx_word' id='word_1_29' title='bbox 431 1278 597 1350; x_wconf 91' lang='lat' dir='ltr'>decimum</span> <span class='ocrx_word' id='word_1_30' title='bbox 623 1294 754 1350; x_wconf 79' lang='lat' dir='ltr'>sextum</span> <span class='ocrx_word' id='word_1_31' title='bbox 772 1276 912 1377; x_wconf 87' lang='lat' dir='ltr'>Scymni</span> <span class='ocrx_word' id='word_1_32' title='bbox 928 1278 1060 1364; x_wconf 88' lang='lat' dir='ltr'>librum,</span> <span class='ocrx_word' id='word_1_33' title='bbox 1084 1277 1147 1349; x_wconf 90' lang='lat' dir='ltr'>sed</span> <span class='ocrx_word' id='word_1_34' title='bbox 1164 1302 1242 1349; x_wconf 85' lang='lat' dir='ltr'>sex-</span> 
     </span>
     <span class='ocr_line' id='line_1_7' title="bbox 337 1402 1242 1513; baseline -0.001 -32"><span class='ocrx_word' id='word_1_35' title='bbox 337 1423 408 1481; x_wconf 88' lang='lat' dir='ltr'>tum</span> <span class='ocrx_word' id='word_1_36' title='bbox 439 1412 501 1505; x_wconf 80' lang='grc' dir='ltr'>(ἐν</span> <span class='ocrx_word' id='word_1_37' title='bbox 525 1416 572 1513; x_wconf 74' lang='grc' dir='ltr'>τῇ</span> <span class='ocrx_word' id='word_1_38' title='bbox 597 1436 618 1494; x_wconf 85' lang='grc' dir='ltr'><strong><em>ς</em></strong></span> <span class='ocrx_word' id='word_1_39' title='bbox 647 1415 720 1481; x_wconf 75' lang='grc' dir='ltr'>τῶν</span> <span class='ocrx_word' id='word_1_40' title='bbox 749 1411 833 1508; x_wconf 80' lang='grc' dir='ltr'><strong><em>περὶ</em></strong></span> <span class='ocrx_word' id='word_1_41' title='bbox 856 1402 1062 1509; x_wconf 79' lang='grc' dir='ltr'>Εὐρώπης)</span> <span class='ocrx_word' id='word_1_42' title='bbox 1092 1438 1110 1480; x_wconf 94' lang='lat' dir='ltr'>a</span> <span class='ocrx_word' id='word_1_43' title='bbox 1142 1409 1242 1481; x_wconf 86' lang='lat' dir='ltr'>scho-</span> 
     </span>
     <span class='ocr_line' id='line_1_8' title="bbox 337 1542 991 1615; baseline 0 -2"><span class='ocrx_word' id='word_1_44' title='bbox 337 1542 431 1615; x_wconf 88' lang='lat' dir='ltr'>liasta</span> <span class='ocrx_word' id='word_1_45' title='bbox 456 1556 752 1613; x_wconf 89' lang='lat' dir='ltr'>commemoratum</span> <span class='ocrx_word' id='word_1_46' title='bbox 778 1545 991 1615; x_wconf 85' lang='lat' dir='ltr'>existimaret.</span> 
     </span>
    </p>

    <p class='ocr_par' dir='ltr' id='par_1_3' title="bbox 337 1670 1243 2410">
     <span class='ocr_line' id='line_1_9' title="bbox 410 1670 1243 1771; baseline -0.001 -26"><span class='ocrx_word' id='word_1_47' title='bbox 410 1672 593 1745; x_wconf 84' lang='lat' dir='ltr'><strong>Audiamus</strong></span> <span class='ocrx_word' id='word_1_48' title='bbox 624 1699 712 1743; x_wconf 89' lang='lat' dir='ltr'>nunc</span> <span class='ocrx_word' id='word_1_49' title='bbox 735 1670 885 1745; x_wconf 88' lang='lat' dir='ltr'>lsaaeum</span> <span class='ocrx_word' id='word_1_50' title='bbox 910 1671 1087 1759; x_wconf 82' lang='lat' dir='ltr'>Vossium,</span> <span class='ocrx_word' id='word_1_51' title='bbox 1120 1676 1177 1771; x_wconf 89' lang='lat' dir='ltr'>qui</span> <span class='ocrx_word' id='word_1_52' title='bbox 1208 1676 1243 1744; x_wconf 88' lang='lat' dir='ltr'>in</span> 
     </span>
     <span class='ocr_line' id='line_1_10' title="bbox 337 1802 1242 1903; baseline 0 -26"><span class='ocrx_word' id='word_1_53' title='bbox 337 1806 543 1903; x_wconf 75' lang='lat' dir='ltr'><strong>praefatione</strong></span> <span class='ocrx_word' id='word_1_54' title='bbox 567 1805 610 1877; x_wconf 91' lang='lat' dir='ltr'>ad</span> <span class='ocrx_word' id='word_1_55' title='bbox 625 1802 735 1876; x_wconf 86' lang='lat' dir='ltr'>Auoo.</span> <span class='ocrx_word' id='word_1_56' title='bbox 751 1803 921 1903; x_wconf 90' lang='lat' dir='ltr'>Periplum</span> <span class='ocrx_word' id='word_1_57' title='bbox 938 1833 966 1876; x_wconf 95' lang='lat' dir='ltr'>a.</span> <span class='ocrx_word' id='word_1_58' title='bbox 987 1802 1242 1877; x_wconf 85' lang='lat' dir='ltr'>MDCXXXIX</span> 
     </span>
     <span class='ocr_line' id='line_1_11' title="bbox 338 1935 1242 2037; baseline 0 -28"><span class='ocrx_word' id='word_1_59' title='bbox 338 1941 461 2036; x_wconf 92' lang='lat' dir='ltr'>scripta</span> <span class='ocrx_word' id='word_1_60' title='bbox 484 1943 530 2011; x_wconf 91' lang='lat' dir='ltr'>ita</span> <span class='ocrx_word' id='word_1_61' title='bbox 547 1938 720 2011; x_wconf 76' lang='lat' dir='ltr'>disseruit:</span> <span class='ocrx_word' id='word_1_62' title='bbox 764 1937 936 2035; x_wconf 87' lang='lat' dir='ltr'>»Scripsit</span> <span class='ocrx_word' id='word_1_63' title='bbox 953 1937 1122 2037; x_wconf 84' lang='lat' dir='ltr'>Scymnus</span> <span class='ocrx_word' id='word_1_64' title='bbox 1140 1935 1242 2009; x_wconf 84' lang='lat' dir='ltr'>Chius</span> 
     </span>
     <span class='ocr_line' id='line_1_12' title="bbox 342 2064 1243 2171; baseline -0.002 -28"><span class='ocrx_word' id='word_1_65' title='bbox 342 2064 585 2170; x_wconf 78' lang='grc' dir='ltr'><em>»περιήγησιν</em></span> <span class='ocrx_word' id='word_1_66' title='bbox 614 2070 788 2167; x_wconf 83' lang='lat' dir='ltr'>Europae,</span> <span class='ocrx_word' id='word_1_67' title='bbox 820 2069 936 2157; x_wconf 82' lang='lat' dir='ltr'>Asiae,</span> <span class='ocrx_word' id='word_1_68' title='bbox 973 2068 1117 2171; x_wconf 81' lang='lat' dir='ltr'>Libyae,</span> <span class='ocrx_word' id='word_1_69' title='bbox 1148 2070 1243 2143; x_wconf 89' lang='lat' dir='ltr'>libris</span> 
     </span>
     <span class='ocr_line' id='line_1_13' title="bbox 342 2202 1241 2301; baseline 0.004 -30"><span class='ocrx_word' id='word_1_70' title='bbox 342 2206 478 2277; x_wconf 86' lang='lat' dir='ltr'>»tribus</span> <span class='ocrx_word' id='word_1_71' title='bbox 496 2204 554 2300; x_wconf 70' lang='lat'>⁴³),</span> <span class='ocrx_word' id='word_1_72' title='bbox 580 2205 735 2277; x_wconf 85' lang='lat' dir='ltr'>versibus</span> <span class='ocrx_word' id='word_1_73' title='bbox 760 2204 909 2274; x_wconf 90' lang='lat' dir='ltr'>comicis.</span> <span class='ocrx_word' id='word_1_74' title='bbox 943 2228 986 2274; x_wconf 86' lang='lat' dir='ltr'>ex</span> <span class='ocrx_word' id='word_1_75' title='bbox 1012 2228 1052 2274; x_wconf 89' lang='lat' dir='ltr'>ea</span> <span class='ocrx_word' id='word_1_76' title='bbox 1076 2202 1241 2301; x_wconf 81' lang='lat' dir='ltr'>fragmen-</span> 
     </span>
     <span class='ocr_line' id='line_1_14' title="bbox 342 2334 1241 2410; baseline 0.004 -6"><span class='ocrx_word' id='word_1_77' title='bbox 342 2351 438 2409; x_wconf 89' lang='lat' dir='ltr'>»tum</span> <span class='ocrx_word' id='word_1_78' title='bbox 469 2338 574 2410; x_wconf 85' lang='lat' dir='ltr'>edidit</span> <span class='ocrx_word' id='word_1_79' title='bbox 607 2338 820 2410; x_wconf 89' lang='lat' dir='ltr'>doctissimus</span> <span class='ocrx_word' id='word_1_80' title='bbox 853 2334 1086 2409; x_wconf 86' lang='lat' dir='ltr'>Hoeschelius.</span> <span class='ocrx_word' id='word_1_81' title='bbox 1123 2337 1241 2410; x_wconf 87' lang='lat' dir='ltr'>lalsum</span> 
     </span>
    </p>
   </div>
   <div class='ocr_carea' id='block_1_3' title="bbox 342 2467 1241 2586">
    <p class='ocr_par' dir='ltr' id='par_1_4' title="bbox 342 2467 1241 2586">
     <span class='ocr_line' id='line_1_15' title="bbox 342 2467 1241 2586; baseline 0.007 -50"><span class='ocrx_word' id='word_1_82' title='bbox 342 2497 450 2586; x_wconf 71' lang='lat' dir='ltr'>»vero</span> <span class='ocrx_word' id='word_1_83' title='bbox 480 2472 610 2544; x_wconf 92' lang='lat' dir='ltr'>titulum</span> <span class='ocrx_word' id='word_1_84' title='bbox 641 2470 789 2568; x_wconf 78' lang='lat' dir='ltr'>praefert</span> <span class='ocrx_word' id='word_1_85' title='bbox 818 2467 979 2541; x_wconf 84' lang='lat' dir='ltr'>lllarciaui</span> <span class='ocrx_word' id='word_1_86' title='bbox 1008 2467 1241 2542; x_wconf 86' lang='lat' dir='ltr'>Heracleotae.</span> 
     </span>
    </p>
   </div>
   <div class='ocr_carea' id='block_1_4' title="bbox 341 2600 1242 3100">
    <p class='ocr_par' dir='ltr' id='par_1_5' title="bbox 341 2600 1242 3100">
     <span class='ocr_line' id='line_1_16' title="bbox 342 2600 1242 2701; baseline 0.006 -32"><span class='ocrx_word' id='word_1_87' title='bbox 342 2615 522 2676; x_wconf 81' lang='lat' dir='ltr'>»constat</span> <span class='ocrx_word' id='word_1_88' title='bbox 551 2602 626 2676; x_wconf 77' lang='lat' dir='ltr'>loc</span> <span class='ocrx_word' id='word_1_89' title='bbox 657 2629 706 2674; x_wconf 77' lang='lat' dir='ltr'>ex</span> <span class='ocrx_word' id='word_1_90' title='bbox 730 2600 931 2700; x_wconf 76' lang='lat' dir='ltr'>Stephano</span> <span class='ocrx_word' id='word_1_91' title='bbox 963 2614 1001 2674; x_wconf 87' lang='lat' dir='ltr'>et</span> <span class='ocrx_word' id='word_1_92' title='bbox 1032 2603 1140 2694; x_wconf 71' lang='lat' dir='ltr'>ollis,</span> <span class='ocrx_word' id='word_1_93' title='bbox 1173 2605 1242 2701; x_wconf 77' lang='lat' dir='ltr'>qui</span> 
     </span>
     <span class='ocr_line' id='line_1_17' title="bbox 341 2732 1241 2835; baseline 0.002 -31"><span class='ocrx_word' id='word_1_94' title='bbox 341 2737 458 2809; x_wconf 84' lang='lat' dir='ltr'>»loca</span> <span class='ocrx_word' id='word_1_95' title='bbox 482 2737 635 2835; x_wconf 73' lang='lat' dir='ltr'>aliquot</span> <span class='ocrx_word' id='word_1_96' title='bbox 657 2763 678 2807; x_wconf 88' lang='lat' dir='ltr'>e</span> <span class='ocrx_word' id='word_1_97' title='bbox 704 2737 874 2833; x_wconf 77' lang='lat' dir='ltr'>Scymrto</span> <span class='ocrx_word' id='word_1_98' title='bbox 902 2738 1035 2808; x_wconf 78' lang='lat' dir='ltr'>citant.</span> <span class='ocrx_word' id='word_1_99' title='bbox 1080 2732 1241 2806; x_wconf 86' lang='lat' dir='ltr'>Marciani</span> 
     </span>
     <span class='ocr_line' id='line_1_18' title="bbox 341 2866 1241 2967; baseline 0.006 -32"><span class='ocrx_word' id='word_1_100' title='bbox 341 2895 449 2941; x_wconf 83' lang='lat' dir='ltr'>»vero</span> <span class='ocrx_word' id='word_1_101' title='bbox 466 2866 688 2941; x_wconf 83' lang='lat' dir='ltr'>Heracleotae</span> <span class='ocrx_word' id='word_1_102' title='bbox 715 2895 791 2940; x_wconf 87' lang='lat' dir='ltr'>esse</span> <span class='ocrx_word' id='word_1_103' title='bbox 817 2895 885 2940; x_wconf 89' lang='lat' dir='ltr'>non</span> <span class='ocrx_word' id='word_1_104' title='bbox 904 2881 1028 2967; x_wconf 89' lang='lat' dir='ltr'>potest.</span> <span class='ocrx_word' id='word_1_105' title='bbox 1053 2871 1136 2940; x_wconf 82' lang='lat' dir='ltr'>vixit</span> <span class='ocrx_word' id='word_1_106' title='bbox 1152 2871 1241 2940; x_wconf 90' lang='lat' dir='ltr'>euim</span> 
     </span>
     <span class='ocr_line' id='line_1_19' title="bbox 342 2998 1241 3100; baseline 0.004 -32"><span class='ocrx_word' id='word_1_107' title='bbox 342 3001 422 3073; x_wconf 79' lang='lat' dir='ltr'>»ille</span> <span class='ocrx_word' id='word_1_108' title='bbox 448 3001 558 3074; x_wconf 89' lang='lat' dir='ltr'>multis</span> <span class='ocrx_word' id='word_1_109' title='bbox 582 3014 661 3100; x_wconf 89' lang='lat' dir='ltr'>post</span> <span class='ocrx_word' id='word_1_110' title='bbox 685 2998 914 3074; x_wconf 83' lang='lat' dir='ltr'>Ptolemaeum</span> <span class='ocrx_word' id='word_1_111' title='bbox 940 3001 1121 3088; x_wconf 84' lang='lat' dir='ltr'>aetatibus,</span> <span class='ocrx_word' id='word_1_112' title='bbox 1146 3002 1241 3074; x_wconf 91' lang='lat' dir='ltr'>cuius</span> 
     </span>
    </p>
   </div>
   <div class='ocr_carea' id='block_1_5' title="bbox 336 3212 1241 3760">
    <p class='ocr_par' dir='ltr' id='par_1_6' title="bbox 336 3212 1241 3760">
     <span class='ocr_line' id='line_1_20' title="bbox 389 3212 1240 3291; baseline 0 -24"><span class='ocrx_word' id='word_1_113' title='bbox 389 3212 420 3278; x_wconf 70' lang='lat' dir='ltr'>*l</span> <span class='ocrx_word' id='word_1_114' title='bbox 445 3212 558 3268; x_wconf 86' lang='lat' dir='ltr'>Duobus</span> <span class='ocrx_word' id='word_1_115' title='bbox 577 3234 611 3267; x_wconf 87' lang='lat' dir='ltr'>an</span> <span class='ocrx_word' id='word_1_116' title='bbox 628 3214 716 3268; x_wconf 89' lang='lat' dir='ltr'>tribus</span> <span class='ocrx_word' id='word_1_117' title='bbox 734 3212 812 3268; x_wconf 88' lang='lat' dir='ltr'>libris</span> <span class='ocrx_word' id='word_1_118' title='bbox 826 3212 938 3288; x_wconf 89' lang='lat' dir='ltr'>Scymni</span> <span class='ocrx_word' id='word_1_119' title='bbox 957 3214 1102 3289; x_wconf 82' lang='lat' dir='ltr'>periegesis</span> <span class='ocrx_word' id='word_1_120' title='bbox 1122 3233 1240 3291; x_wconf 85' lang='lat' dir='ltr'>compro·</span> 
     </span>
     <span class='ocr_line' id='line_1_21' title="bbox 337 3305 1241 3384; baseline 0.002 -24"><span class='ocrx_word' id='word_1_121' title='bbox 337 3305 420 3361; x_wconf 86' lang='lat' dir='ltr'>hensa</span> <span class='ocrx_word' id='word_1_122' title='bbox 438 3306 526 3370; x_wconf 83' lang='lat' dir='ltr'>luerit,</span> <span class='ocrx_word' id='word_1_123' title='bbox 545 3309 676 3360; x_wconf 88' lang='lat' dir='ltr'>incertum</span> <span class='ocrx_word' id='word_1_124' title='bbox 695 3315 744 3361; x_wconf 89' lang='lat' dir='ltr'>est.</span> <span class='ocrx_word' id='word_1_125' title='bbox 770 3310 882 3382; x_wconf 90' lang='lat' dir='ltr'>primum</span> <span class='ocrx_word' id='word_1_126' title='bbox 901 3305 999 3362; x_wconf 89' lang='lat' dir='ltr'>librum</span> <span class='ocrx_word' id='word_1_127' title='bbox 1017 3306 1109 3362; x_wconf 85' lang='lat' dir='ltr'>laudat</span> <span class='ocrx_word' id='word_1_128' title='bbox 1128 3306 1241 3384; x_wconf 84' lang='lat' dir='ltr'>Stepha-</span> 
     </span>
     <span class='ocr_line' id='line_1_22' title="bbox 336 3399 1240 3478; baseline 0 -22"><span class='ocrx_word' id='word_1_129' title='bbox 336 3421 396 3467; x_wconf 83' lang='lat' dir='ltr'>nus,</span> <span class='ocrx_word' id='word_1_130' title='bbox 414 3400 486 3456; x_wconf 86' lang='lat' dir='ltr'>uode</span> <span class='ocrx_word' id='word_1_131' title='bbox 504 3419 673 3474; x_wconf 84' lang='lat' dir='ltr'>consequens</span> <span class='ocrx_word' id='word_1_132' title='bbox 692 3410 733 3456; x_wconf 83' lang='lat' dir='ltr'>est</span> <span class='ocrx_word' id='word_1_133' title='bbox 745 3399 830 3456; x_wconf 82' lang='lat' dir='ltr'>foisse</span> <span class='ocrx_word' id='word_1_134' title='bbox 845 3403 924 3456; x_wconf 86' lang='lat' dir='ltr'>etiam</span> <span class='ocrx_word' id='word_1_135' title='bbox 938 3400 1092 3458; x_wconf 82' lang='lat' dir='ltr'>secandum.</span> <span class='ocrx_word' id='word_1_136' title='bbox 1112 3404 1140 3456; x_wconf 86' lang='lat' dir='ltr'>in</span> <span class='ocrx_word' id='word_1_137' title='bbox 1153 3404 1240 3478; x_wconf 87' lang='lat' dir='ltr'>primo</span> 
     </span>
     <span class='ocr_line' id='line_1_23' title="bbox 337 3493 1239 3571; baseline 0.001 -23"><span class='ocrx_word' id='word_1_138' title='bbox 337 3493 370 3549; x_wconf 89' lang='lat' dir='ltr'>de</span> <span class='ocrx_word' id='word_1_139' title='bbox 393 3494 516 3571; x_wconf 85' lang='lat' dir='ltr'>Europa,</span> <span class='ocrx_word' id='word_1_140' title='bbox 543 3495 571 3548; x_wconf 86' lang='lat' dir='ltr'>in</span> <span class='ocrx_word' id='word_1_141' title='bbox 594 3493 714 3549; x_wconf 85' lang='lat' dir='ltr'>secundo</span> <span class='ocrx_word' id='word_1_142' title='bbox 737 3493 772 3548; x_wconf 87' lang='lat' dir='ltr'>de</span> <span class='ocrx_word' id='word_1_143' title='bbox 798 3496 862 3549; x_wconf 84' lang='lat' dir='ltr'>Asia</span> <span class='ocrx_word' id='word_1_144' title='bbox 886 3505 987 3566; x_wconf 78' lang='lat' dir='ltr'>egerat:</span> <span class='ocrx_word' id='word_1_145' title='bbox 1018 3494 1130 3570; x_wconf 85' lang='lat' dir='ltr'>Libyam</span> <span class='ocrx_word' id='word_1_146' title='bbox 1152 3504 1239 3550; x_wconf 85' lang='lat' dir='ltr'>autem</span> 
     </span>
     <span class='ocr_line' id='line_1_24' title="bbox 337 3586 1241 3663; baseline 0.003 -22"><span class='ocrx_word' id='word_1_147' title='bbox 337 3597 424 3642; x_wconf 89' lang='lat' dir='ltr'>utrum</span> <span class='ocrx_word' id='word_1_148' title='bbox 442 3586 596 3663; x_wconf 78' lang='lat' dir='ltr'>singillatim</span> <span class='ocrx_word' id='word_1_149' title='bbox 609 3590 763 3642; x_wconf 83' lang='lat' dir='ltr'>tractaverit</span> <span class='ocrx_word' id='word_1_150' title='bbox 776 3610 808 3643; x_wconf 91' lang='lat' dir='ltr'>au</span> <span class='ocrx_word' id='word_1_151' title='bbox 822 3609 880 3646; x_wconf 83' lang='lat' dir='ltr'>cum</span> <span class='ocrx_word' id='word_1_152' title='bbox 894 3591 958 3646; x_wconf 89' lang='lat' dir='ltr'>Asia</span> <span class='ocrx_word' id='word_1_153' title='bbox 975 3589 1146 3654; x_wconf 82' lang='lat' dir='ltr'>coniunctim,</span> <span class='ocrx_word' id='word_1_154' title='bbox 1165 3587 1198 3644; x_wconf 92' lang='lat' dir='ltr'>ad</span> <span class='ocrx_word' id='word_1_155' title='bbox 1211 3587 1241 3644; x_wconf 90' lang='lat' dir='ltr'>li·</span> 
     </span>
     <span class='ocr_line' id='line_1_25' title="bbox 336 3681 765 3760; baseline 0.005 -24"><span class='ocrx_word' id='word_1_156' title='bbox 336 3681 447 3757; x_wconf 77' lang='lat' dir='ltr'>quidum</span> <span class='ocrx_word' id='word_1_157' title='bbox 465 3681 575 3760; x_wconf 87' lang='lat' dir='ltr'>perduci</span> <span class='ocrx_word' id='word_1_158' title='bbox 594 3701 647 3737; x_wconf 87' lang='lat' dir='ltr'>uon</span> <span class='ocrx_word' id='word_1_159' title='bbox 667 3691 765 3759; x_wconf 75' lang='lat' dir='ltr'>potest</span> 
     </span>
    </p>
   </div>
   <div class='ocr_carea' id='block_1_6' title="bbox 0 0 1538 4575">
    <p class='ocr_par' dir='ltr' id='par_1_7' title="bbox 0 0 1538 4575">
     <span class='ocr_line' id='line_1_26' title="bbox 0 0 1538 4575; baseline 0 1"><span class='ocrx_word' id='word_1_160' title='bbox 0 0 1538 4575; x_wconf 95' lang='lat' dir='ltr'> </span> 
     </span>
    </p>
   </div>
  </div>
 </body>
</html>
