3067 4575
731 517 882 617 *ss*

354 739 472 818 genior
485 738 658 808 τεειιίσίιιε,
680 738 716 794 ut
730 726 864 794 verbum
880 730 916 792 in
929 726 1158 815 superioribus,
1179 748 1262 815 quse

359 853 550 934 exciderunt,
571 855 710 942 positum
733 852 833 921 fuisse
853 850 1009 918 videntur.

697 1030 756 1092 Vs.
780 1029 855 1093 tls
878 1050 925 1114 sq.

402 1166 548 1248 Πάντως
568 1170 670 1258 γελᾶν
692 1169 886 1246 σπεύδοντες
911 1173 946 1233 ὲκ
967 1162 1093 1246 παντὸς
1113 1163 1247 1254 τρόπου,

403 1289 668 1380 εὐδαιμονίαν
638 1294 724 1358 ειναί
745 1316 779 1358 τε
802 1293 900 1358 τοῦτο
922 1285 1111 1377 κεκρικότες.

357 1417 411 1482 Ι)ε
427 1417 603 1495 Tibarenis,
625 1427 722 1504 gente
738 1415 819 1480 ad
794 1438 889 1480 nsum
904 1414 1072 1500 iocumque
1087 1425 1169 1493 nata,
1183 1414 1264 1479 haec

359 1539 516 1618 dicuntur,
536 1560 668 1626 quorum
685 1541 794 1626 priora
810 1537 896 1625 apud
911 1539 1115 1623 Anonymum
1130 1540 1173 1601 ita
1189 1540 1263 1602 scri-

358 1661 491 1740 buntur,
520 1657 607 1726 πάνυ
633 1662 734 1745 γελᾶν
755 1656 958 1739 σπεύδοντες.
1008 1662 1092 1724 Hinc
1113 1658 1264 1749 intelligi-

359 1795 411 1849 tur
432 1781 636 1849 scribendum
660 1804 730 1848 esse
752 1785 854 1867 γελᾶν
868 1780 956 1850 πᾶνυ
970 1779 1172 1860 σπεύδοντες.
1207 1783 1263 1848 Al-

360 1917 431 1972 tero
460 1928 555 1971 versu
579 1905 769 1992 Anonymus
798 1904 1011 1991 εὐδαιμονίαν
1036 1903 1120 1972 εἶναι
1140 1902 1265 1987 ταύτην

358 2028 547 2116 κεκρικότες,
561 2052 641 2116 quae
656 2052 765 2116 parum
781 2028 941 2116 probabili
956 2032 1081 2094 ratione
1098 2029 1264 2094 emendata

360 2164 442 2219 sunt.
488 2151 577 2238 Quid
599 2155 762 2238 scripserit
784 2163 908 2232 noster,
931 2153 984 2217 hic
1005 2174 1134 2239 quoque
1156 2153 1264 2239 Epho-

358 2298 414 2343 rus
443 2274 539 2341 docet
568 2275 652 2363 apud
681 2275 878 2363 Stephanum
900 2261 989 2362 Byz(
1010 2298 1035 2341 s.
1057 2300 1087 2340 v.
1117 2276 1264 2365 Τιβαρη-

358 2402 426 2467 νία.
455 2399 639 2485 Τιβαρηνοὶ
660 2400 716 2465 καὶ
738 2392 778 2465 τό
800 2398 928 2478 παίζειν
942 2401 998 2465 καὶ
1013 2393 1051 2464 τό
1065 2402 1167 2488 γελᾶν
1182 2405 1264 2467 εἰσιν

360 2518 554 2603 ἐζηλωκότες
581 2524 638 2587 καὶ
665 2523 823 2606 μεγίστην
851 2502 1064 2607 εὐδαιμονίαν
1085 2522 1183 2589 τοῦτο
1205 2545 1264 2588 νο-

359 2644 505 2733 μίζουσι,
534 2664 616 2729 quae
645 2645 806 2709 transtulit
827 2646 1024 2732 Pomponius
1048 2645 1135 2711 Mela
1157 2646 1186 2725 Ι,
1211 2648 1264 2711 19.

365 2766 524 2832 Tibareni
550 2764 709 2855 Chalybes
732 2770 908 2853 attingunt,
931 2769 1046 2857 ητιίύιιτ
1068 2772 1103 2833 in
1125 2772 1196 2833 risu
1217 2770 1265 2834 lu·

361 2913 463 2977 tuque
497 2912 654 2954 summum
690 2889 806 2955 bonum
840 2903 897 2957 est.
954 2892 1065 2979 Itaque
1092 2891 1265 2978 Scymnum

361 3014 525 3098 scripsisse
548 3015 700 3077 coniicias
729 3010 942 3099 εὐδαιμονίαν
963 3010 1087 3094 ταύτην
1107 3015 1265 3101 μεγίστην

360 3130 547 3222 κεκρικότες.

702 3293 760 3355 Vs.
783 3293 850 3356 918
872 3314 918 3377 sq.

398 3425 491 3498 Ἔστι
513 3432 548 3497 δὲ
570 3427 664 3524 πόλις
683 3424 817 3515 Ἀμισός
833 3434 869 3497 iv
882 3456 917 3499 τε
932 3435 971 3525 τῇ
984 3433 1125 3499 Λενκᾶν
1138 3427 1266 3521 Σύραν

404 3554 446 3643 γῇ
467 3556 610 3638 κειμένη,
632 3554 697 3619 τῶν
723 3554 888 3621 Φωκαέων
910 3553 939 3621 δ’
959 3553 1105 3622 ἀποικία.

361 3674 458 3763 Apud
481 3680 684 3762 Anonymum
707 3676 786 3741 haec
807 3677 970 3766 leguntur:
996 3674 1143 3764 Ἀμισός,
1169 3673 1266 3755 πόλις
