3067 4575
631 558 782 661 A
875 510 877 515 ,

258 765 319 847 σὸς
345 764 498 863 ἐμφανὴς
522 765 631 851 πόλις,
660 769 702 835 ed
730 768 864 835 eandem
886 772 1042 837 rationem
1063 768 1158 836 refin·
1185 748 1189 757 ⁴

259 892 384 984 gendos
406 897 456 960 sit.

570 1015 628 1079 Vs.
652 1015 718 1080 174
734 1054 774 1067 -
793 1017 844 1081 76.

298 1138 400 1207 Ἰνδοὶ
421 1141 482 1225 μὲν
504 1128 563 1204 οὖν
584 1130 708 1221 μεταξὺ
728 1137 874 1224 θερινῶν
895 1133 1068 1203 ἀνατολῶν

302 1264 359 1329 καὶ
377 1260 569 1348 χειμερινῶν
590 1258 728 1339 οὶκνῦσι,
754 1260 878 1325 Κελτοὶ
900 1253 1116 1325 δ’·ἀννέπαλνν

304 1380 372 1466 ἀπὸ
393 1384 454 1464 τῆς
475 1381 665 1469 ὶσημερινῆς
684 1403 720 1446 τε
742 1376 877 1460 δύσεως,
900 1376 942 1459 ὡς
963 1375 1070 1467 λόγος.

258 1510 350 1573 Haec
370 1515 533 1592 postrema
554 1507 598 1569 ita
616 1513 651 1570 ut
672 1525 766 1591 supra
790 1504 943 1590 adscripsi
960 1502 1061 1571 edidit
1073 1504 1160 1569 Hoe-

260 1628 407 1708 sehelius,
428 1648 520 1715 quem
543 1629 641 1727 ceteri
663 1629 789 1712 sequuti
811 1638 885 1693 sunt
901 1649 1027 1704 omnem
1048 1631 1082 1693 in
1105 1646 1159 1693 oo-

259 1752 332 1821 dice
353 1755 397 1817 ita
419 1751 577 1817 habentur
599 1741 666 1830 ἀπὸ
688 1752 876 1837 ὶσημερινῆς
898 1772 953 1818 ose
975 1745 1096 1827 δύσεως
1117 1746 1161 1827 ὡς

258 1872 367 1961 λόγος.
412 1875 460 1939 Ea
482 1884 587 1940 sutem
608 1893 677 1938 non
698 1882 786 1937 recte
809 1872 975 1939 emendata
999 1894 1069 1940 esse
1090 1871 1162 1961 plu-

258 1999 349 2067 ribus
375 1998 576 2087 argumentis·
591 1995 795 2085 intelligitur:
821 2000 954 2083 primum
984 2000 1066 2063 enim
1089 1997 1162 2061 arti·

260 2122 351 2190 culus
373 2130 485 2187 contra
512 2122 616 2186 nostri
638 2119 764 2207 quidem
788 2122 952 2207 scriptoris
979 2140 1071 2186 usum
1092 2117 1161 2184 illa-

260 2256 313 2313 tus
343 2256 405 2326 est,
433 2253 503 2310 tom
525 2241 680 2330 porticula
708 2245 744 2310 τέ
773 2252 849 2331 post
877 2243 1066 2331 ὶσημερινῆς
1093 2262 1160 2338 non

260 2368 361 2434 hebet
381 2389 446 2454 quo
467 2367 632 2446 referatur,
653 2365 791 2454 denique
809 2371 878 2454 ipsa
892 2366 1021 2434 vacillat
1035 2375 1162 2432 senten-

262 2494 321 2568 tie;
349 2511 422 2554 nem
450 2509 544 2574 quum
567 2500 712 2559 accurate
734 2489 870 2555 ambitus
892 2489 1055 2572 locorum,
1081 2511 1162 2578 quae

263 2613 380 2682 Celtae
402 2609 588 2690 incolerent,
609 2610 799 2678 indicandus
822 2622 918 2692 esset,
940 2635 1008 2679 non
1030 2616 1162 2679 sanein

263 2739 446 2803 universum
469 2755 527 2798 eos
548 2728 615 2800 ἀπὸ
629 2738 818 2823 χειμερινῆς
839 2732 968 2813 δύσεως,
991 2735 1031 2800 ot
1054 2737 1163 2822 demsi-

262 2859 400 2924 noetioli
421 2879 547 2935 ooooso,
568 2856 710 2924 habitere
733 2857 796 2923 dici
819 2859 931 2946 potuit.
969 2859 1027 2922 His
1044 2859 1163 2922 incom-

264 2979 369 3048 modis
390 2981 471 3044 haec
491 2977 636 3044 medetur
658 2980 853 3047 emendatio:

308 3100 363 3170 ὑπ’
379 3103 568 3188 ὶσημερινῆς
590 3102 758 3190 [θερινηἾς
771 3125 806 3167 τε
824 3096 952 3178 δύσεως,
974 3089 1018 3178 ὡζ·
1031 3095 1137 3186 λόγος.

265 3228 309 3294 At
328 3237 494 3313 praeterea
516 3225 634 3291 haereo
655 3227 691 3289 in
710 3221 907 3313 ὶσημερινῆς.
951 3223 1058 3311 Quum
1081 3228 1164 3290 enim

266 3348 382 3417 Celtae
404 3371 427 3414 e
444 3347 598 3416 diametro
621 3350 764 3436 oppositi
779 3351 844 3415 sint
857 3347 952 3428 Indis,
974 3347 1046 3414 Indi
1060 3356 1164 3412 eutem

265 3475 351 3538 inter
371 3472 535 3538 hibernum
560 3484 592 3538 et
613 3475 766 3539 aestivum
791 3481 893 3537 ortum
915 3481 1085 3557 ponantur,
1109 3491 1166 3536 ne-

268 3599 422 3676 cessario,
448 3599 615 3661 nisiinter
636 3597 813 3683 Aethiopes
843 3605 875 3661 et
897 3593 1007 3661 Celtas
1032 3613 1165 3659 vamum

268 3716 374 3785 locum
401 3718 547 3784 relictum
568 3717 729 3799 volumus,
753 3717 867 3784 Celtae
894 3720 978 3782 inter
999 3715 1166 3782 hibernum
