3067 4575
793 571 839 636 44

741 660 890 672 ——a—

366 785 532 874 legamtnr:
553 771 650 857 οὗτος
664 773 824 866 ὀἼστρσς
832 775 985 864 ποταμὸς
996 784 1186 864 κατέρχεται
1198 774 1269 844 ἀπὸ

365 909 432 974 τῶν
452 907 610 990 ἑσπερίων
630 898 749 981 τόπων,
770 897 834 982 τὴν
854 898 997 987 ἐκβολὴν
1015 907 1111 968 πέντε
1125 898 1270 985 στόμασι

366 1027 575 1113 nondumne·
604 1027 678 1092 δυσὶ
706 1025 741 1090 δὲ
768 1020 1032 1112 περισχιζόμενσς
1052 1027 1110 1090 καὶ
1136 1029 1181 1102 εὶς
1207 1018 1270 1089 τὸν

364 1152 497 1240 Ἀδρίαν
526 1153 584 1236 ῥεῖ.
641 1149 770 1235 Quibus
794 1171 832 1213 ex
853 1147 959 1212 verbis
981 1171 1064 1234 quos
1085 1149 1269 1212 Letronnns

367 1277 546 1362 composuit
566 1295 686 1349 versus,
710 1294 821 1336 eorum
842 1274 961 1358 primus
982 1283 1155 1359 propterea
1175 1272 1270 1334 vitiu·

366 1419 419 1464 sus
449 1409 497 1462 est
524 1395 613 1482 quod
640 1394 796 1481 particula
824 1399 860 1458 τέ
888 1394 1052 1460 venabulo
1080 1393 1268 1480 plusquam

366 1518 592 1606 monosyllabo
628 1517 771 1582 subiecta
804 1520 938 1582 metrico
967 1519 1033 1582 ictu
1067 1519 1174 1582 notari
1200 1537 1268 1581 non

367 1653 483 1729 potest.
524 1639 668 1705 Eandem
692 1639 735 1705 ob
758 1661 884 1704 causam
905 1639 1097 1705 reficiendae
1118 1650 1193 1706 sunt
1209 1641 1270 1704 Le

367 1766 476 1828 nonni
499 1766 717 1842 coniecturae,
744 1762 858 1848 quibus
879 1786 926 1827 vs.
946 1765 1014 1828 898
1035 1761 1180 1850 aliosque
1201 1772 1270 1827 ten-

368 1888 456 1950 tavit
501 1885 573 1950 Nec
595 1885 728 1950 secundi
748 1909 860 1951 versus
881 1889 1005 1951 numeri
1026 1889 1191 1972 scriptoris
1210 1907 1270 1950 nu

369 2011 425 2072 atri
448 2007 608 2095 elegantia
631 2007 721 2096 digni
743 2020 832 2084 sunt3
854 2011 932 2073 mire
949 2012 1034 2073 enim
1048 2008 1201 2075 lalluntm
1214 2014 1270 2096 qui

368 2131 540 2216 Scymnum
573 2131 791 2220 negligentem
826 2143 955 2218 poetam
989 2153 1061 2196 esse
1088 2136 1270 2219 opinantur,

369 2252 484 2339 quibus
506 2255 560 2339 qni
583 2253 746 2341 aliquanto
768 2257 887 2321 rectius
905 2253 1057 2321 iudicavit
1076 2256 1270 2334 Latronnue,

368 2386 474 2439 tamen
503 2398 544 2441 ne
572 2380 640 2464 ipse
669 2378 796 2464 quidem
818 2378 1010 2468 singularem
1035 2380 1131 2445 huius
1152 2392 1271 2468 poetae

369 2500 404 2563 in
432 2498 608 2565 condendis
629 2501 776 2566 vemibus
803 2512 903 2567 artem
932 2517 966 2568 et
986 2503 1177 2593 elegantiam
1197 2526 1270 2591 per·

369 2633 508 2709 spectaui
530 2622 650 2688 habuit.
701 2625 880 2711 Utrumque
900 2628 1011 2692 vitium
1032 2630 1077 2693 ita
1096 2629 1191 2691 vitari
1211 2646 1271 2713 po·

369 2747 442 2809 tuit:
466 2743 594 2833 Ἴστρος
616 2743 635 2811 ὁ
656 2742 809 2831 ποταμὸς
827 2751 833 2830 Ι
853 2743 921 2813 ἀπὸ
942 2752 1008 2814 τῶν
1029 2752 1091 2833 μὲν
1111 2751 1271 2835 ἐσπερίων

368 2863 480 2932 τόπων
500 2872 698 2956 κατέρχεται.
733 2869 831 2936 Aliud
853 2881 959 2935 tamen
980 2872 1033 2937 hic
1054 2871 1132 2939 elim
1152 2872 1270 2937 lectum

369 2987 468 3053 fuisse
490 2989 584 3056 facile
607 2996 676 3079 quis
699 3004 719 3059 ε’
739 2993 846 3059 Schol.
862 2997 932 3060 Par.
948 2994 1115 3082 Apollonii
1136 2996 1196 3061 th
1213 2997 1269 3070 IV,
1298 3032 1306 3043 x

370 3112 435 3177 284
460 3118 615 3194 coniiciat,
637 3116 692 3181 ubi
714 3118 795 3183 haec
816 3119 927 3183 habes:
957 3116 976 3183 ὁ
999 3119 1034 3184 δὲ
1055 3116 1214 3204 Σκύμνος
1234 3126 1271 3183 ετ·

371 3230 412 3307 ις’
440 3235 505 3299 τῶν
531 3240 606 3323 περὶ
626 3236 787 3325 Εὐρώπης
813 3238 918 3325 μόνον
946 3246 1029 3333 φησὶ
1057 3236 1117 3307 τὸν
1139 3236 1270 3325 Ἴστρον

371 3350 438 3421 ἀπὸ
461 3352 590 3445 ἐρήμων
611 3361 819 3438 (Holstenius
840 3353 1019 3451 ἑσσερίων)
1040 3361 1153 3431 τόπων
1173 3367 1269 3454 φέρε-

372 3479 468 3545 σθαι.
511 3479 604 3565 Quae
626 3487 653 3547 si
675 3483 716 3547 ad
739 3495 878 3549 nostram
901 3488 1086 3575 Periegesin
1107 3490 1270 3574 pertinere

374 3614 462 3667 certo
485 3615 652 3683 constaret,
674 3607 847 3673 secundum
861 3630 987 3675 versum
1008 3613 1052 3675 ita
1074 3610 1142 3675 fere
1157 3632 1177 3675 a
1190 3610 1269 3694 Scy-

393 3742 448 3788 mo
477 3730 625 3813 seriptum
653 3728 752 3795 fuisse
774 3736 934 3797 conticere
955 3733 1080 3797 liceret:
1108 3728 1148 3811 ὃς
1167 3728 1270 3816 μόνος
