3067 4575
627 547 778 645 Q-

251 753 404 842 probavit
423 756 488 820 boc
508 755 705 834 Letrunnus,
733 756 865 841 Scyrnui
891 778 982 823 usum
1003 771 1079 844 post
1099 759 1151 824 λέ-

251 898 347 962 γουσι
372 881 576 965 practeritum
597 876 760 964 postulare
787 876 910 956 dicens3
937 880 1001 945 boc
1023 878 1150 966 quidem

252 1001 342 1079 salso,
363 1011 405 1097 ‘ut
425 1000 522 1066 docet
542 1023 589 1065 va.
603 1002 667 1067 347
690 1000 818 1083 λέγεται
839 994 905 1088 γὰρ
927 998 1046 1079 αὐτους
1066 996 1149 1086 μήτε

250 1131 322 1199 τοῖς
334 1117 450 1206 νόμοις
465 1160 505 1173 -
521 1118 717 1187 τάκόλουθα
731 1124 904 1200 συντελεῖν,
921 1144 966 1186 va.
976 1118 1149 1189 Ἇ59Ἥλι-

251 1246 310 1320 θος
330 1242 361 1310 δ’
379 1238 537 1330 ὑπάρχειν
559 1245 748 1325 (λέγουσα)
764 1238 903 1323 Ὄξυλον
924 1239 1080 1328 ἡγεμόνα,
1101 1264 1147 1309 νε.

250 1368 314 1433 681
345 1361 507 1455 πρότερον
534 1358 599 1451 γὰρ
628 1361 712 1430 εἶναί
739 1388 845 1457 φασιν
873 1364 908 1432 έν
937 1361 1038 1457 ταύτῃ
1066 1367 1150 1443 τινες

250 1482 328 1564 τοὺς
355 1488 479 1574 Τρῶας.
530 1486 619 1551 Illam
641 1488 776 1574 perfecti
798 1490 929 1555 formam
955 1498 1057 1554 autem
1079 1509 1150 1575 per·

251 1631 344 1695 quam
366 1612 505 1674 incertae
525 1608 603 1674 ffdei
626 1604 696 1675 ‘esee
713 1603 860 1677 docuisse
882 1612 957 1675 mibi
979 1610 1094 1676 videor
1108 1608 1150 1675 ad

252 1733 378 1822 Fragm.
407 1732 499 1799 Com.
522 1730 636 1797 Graec.
658 1732 725 1798 voi.
746 1735 792 1799 111
814 1758 845 1820 p.
870 1736 948 1811 112,
976 1730 1032 1797 nbi
1054 1735 1149 1797 etiam

164 1840 170 1851 ’
251 1857 445 1943 Hesychiurn
459 1876 707 1921 commemorare
725 1856 895 1921 debebam:
914 1850 1148 1940 Ἐγύμνασμαι,

250 1974 483 2064 έγυμνήτευσα,
518 1977 605 2064 qued
635 2000 673 2042 ex
700 1975 935 2063 ἑγυμνασάμην
963 1987 1149 2063 corruptum

252 2124 322 2167 esse
343 2100 449 2166 addita
471 2102 692 2187 interpretatio
714 2099 855 2166 indicare
877 2099 1011 2167 videtur.

558 2315 619 2378 Vs.
640 2314 706 2378 283
722 2350 763 2362 —
780 2313 834 2378 86.

297 2462 395 2533 Macci
416 2471 521 2533 ταῦτα
543 2466 573 2534 δ’
593 2463 660 2534 ἀπὸ
683 2463 801 2546 Νάξου
822 2471 1001 2534 Λεοντῖνοι
1022 2491 1056 2534 τε
1078 2471 1135 2534 καί

295 2587 317 2672 ἡ
338 2583 400 2671 τὴν
420 2591 520 2654 θέσιν
544 2588 574 2654 τ’
592 2593 711 2676 έχουσα
731 2587 861 2674 Ῥηγίου
882 2592 1006 2685 πέραν,

296 2709 349 2778 ini
369 2713 428 2777 τοῦ
450 2713 484 2778 δὲ
505 2715 665 2799 πορθμοῦ
686 2715 815 2798 κειμένη
838 2712 895 2790 τῆς
916 2710 1083 2790 Σικελίας,

296 2830 429 2919 Ζάγκλη
453 2873 493 2886 -

252 2959 306 3024 Sic
326 2962 385 3023 ista
410 2956 494 3023 edita
516 2969 590 3022 cunt
613 2957 779 3024 eCiuvcri
797 2957 961 3034 sententia,
984 2958 1018 3020 in
1037 2953 1150 3021 codice

253 3091 357 3146 autem
379 3083 424 3145 ita
446 3079 609 3168 leguntur:
631 3076 747 3159 Νάξου
767 3072 902 3158 Aenum}
924 3075 946 3158 ἡ
967 3071 1029 3156 τὴν
1050 3079 1150 3142 θέσιν

252 3200 282 3268 τ’
300 3205 427 3288 έχουσα.
461 3202 554 3289 Quae
576 3223 644 3268 non
667 3212 752 3267 recte
777 3199 940 3266 emendata
959 3221 1029 3266 esse
1044 3211 1151 3266 usten-

252 3325 301 3390 dit
321 3347 403 3411 quac
424 3347 519 3390 versu
548 3336 701 3412 sequente
723 3335 798 3412 post
819 3325 918 3390 θέσιν
941 3323 1059 3412 legitur
1080 3343 1151 3409 par-

251 3447 349 3514 ticula
370 3451 414 3513 εέ.
451 3446 488 3512 Id
510 3452 564 3534 qui
585 3447 741 3514 intellexit
756 3447 911 3512 Krebsius
933 3447 1049 3527 (Lectt.
1070 3447 1151 3510 Dio·

253 3569 322 3636 dnr.
345 3595 377 3658 p.
391 3573 472 3652 205)
495 3570 694 3637 scribendum
716 3573 842 3657 putavit
863 3567 885 3651 ἡ
903 3563 964 3649 τὴν
978 3569 1077 3634 θέσιν
1091 3570 1151 3652 μὲν

254 3697 387 3781 ἔχουσα,
416 3693 503 3783 quod
524 3697 646 3781 recepit
667 3693 839 3760 Fabricius.
891 3691 956 3758 Sed
981 3713 1017 3758 ea
1040 3713 1150 3780 parum
