3067 4575
1239 530 1364 599 103

401 732 552 815 τοὺς
595 740 664 805 δὲ
706 732 824 805 τὸν
866 741 1113 806 ἐκείνου
1154 739 1342 807 παῖδ’
1380 741 1751 829 Ἀκαρνᾶνα
1794 746 2034 812 κτίσαι.

401 870 645 926 κεῖνται
687 861 757 928 δὲ
799 866 912 929 καὶ
953 866 1148 944 νῆσοι
1189 858 1359 929 κατὰ
1405 861 1651 945 ταύτην
1691 868 2016 945 πλείονες·

397 978 664 1062 Λευκάς
706 987 826 1070 μὲν
869 991 940 1051 ὲν
983 983 1300 1072 πρώταις,
1343 988 1739 1075 Κορινθίων
1781 991 2001 1069 κτίσις,
2237 1010 2336 1059 4155

401 1102 535 1171 εἶθ’
572 1104 615 1187 ἡ
663 1104 1146 1199 Κεφαλλήνων,
1185 1105 1427 1190 Ἰθάκη
1473 1112 1543 1177 δὲ
1587 1112 1885 1191 πλησίον,

400 1224 443 1309 ἥ
487 1253 556 1295 τε
601 1226 1098 1315 Πελοποννήσῳ
1143 1227 1450 1315 σύνεγγυς
1492 1240 1750 1318 κειμένη

403 1347 783 1432 Ζάκυνθος,
828 1350 992 1419 εἶτεν
1037 1358 1107 1419 αὶ
1150 1352 1577 1435 καθήκουσαι
1620 1360 1828 1441 πέραν

400 1468 561 1560 πρὸς
604 1467 722 1539 τὸν
762 1474 1104 1560 Ἀχελῶον,
1149 1473 1494 1561 λεγόμεναι
1537 1476 1597 1543 δ’
1630 1475 1977 1564 Ἐχινάδες.

400 1592 547 1676 ἑξῆς
589 1595 865 1681 διέξιμεν
908 1599 977 1664 δὲ
1020 1595 1182 1665 πάλι
1223 1595 1346 1680 τὴν
1384 1596 1688 1680 Ἑλλάδα,
1985 1597 1988 1601 ’
2236 1620 2336 1668 4:12³

400 1720 503 1783 ἐπὶ
545 1721 885 1810 κεφαλαίῳ
928 1718 1082 1799 τούς
1128 1746 1192 1788 τε
1234 1726 1384 1812 περὶ
1428 1718 1637 1803 αὐτὴν
1678 1720 1921 1800 τόπους

401 1844 677 1919 ἐθνικῶς
720 1837 1022 1921 ἅπαντας
1064 1842 1208 1910 κατ’
1238 1840 1530 1934 Ἔφορον
1574 1842 1971 1931 δηλώσομεν.

397 1958 561 2049 μετὰ
601 1959 757 2043 τοὺς
794 1964 1184 2052 Ἀκαρνᾶνες
1226 1970 1346 2053 μὲν
1389 1965 1519 2033 ἔστ’
1558 1969 1875 2045 Αἰτωλία,

399 2087 464 2167 ἐξ
493 2082 772 2165 ’Ήλιδος
813 2088 1116 2173 λαβοῦσα
1159 2084 1282 2171 τὴν
1327 2088 1667 2156 ἀποικίαν·

397 2210 734 2298 Κουρῆτες
776 2206 984 2293 αὐτὴν
1026 2208 1154 2300 γάρ
1199 2210 1534 2299 κατῴκουν
1577 2208 1653 2279 τὸ
1698 2209 2035 2301 πρότερον,
2232 2231 2332 2281 4τῇ

400 2331 795 2424 ἀφικόμενος
840 2333 900 2400 δ’
938 2333 1241 2414 Αἰτωλὸς
1284 2343 1354 2402 ἐκ
1396 2339 1516 2417 τῆς
1548 2331 1827 2414 ’Ήλιδος

398 2458 734 2522 Αἰτωλίαν
777 2453 1068 2541 ὠνόμασ’
1107 2461 1386 2535 ἐκείνους
1431 2455 1743 2542 ἐκβαλών.

393 2573 562 2667 πρὸς
603 2580 697 2662 τῷ
733 2575 881 2662 Ῥίῳ
923 2589 1131 2644 κεῖται
1173 2583 1241 2647 δὲ
1289 2577 1691 2658 Ναύπακτος
1717 2577 1943 2665 πόλις,

395 2697 474 2782 ἣν
519 2703 784 2786 Δωριεῖς
826 2701 1150 2780 κτίζουσιν
1195 2708 1257 2768 οἰ
1303 2697 1424 2770 σὺν
1480 2707 1771 2789 Τημένῳ.

397 2821 586 2891 ἔπειτ’
627 2821 743 2888 ἀπ’
795 2825 1100 2890 Αἰτωλῶν
1149 2829 1579 2907 παροικοῦσιν
1621 2828 1899 2910 Λοκροί,
2234 2847 2336 2896 45η]

390 3050 719 3119 Λλκμαίωνα
753 3043 811 3100 Ρ.
870 3043 958 3100 De
993 3042 1162 3098 forma
1190 3045 1445 3118 ,Ἀλκμέων
1483 3065 1617 3122 quae
1655 3043 1796 3100 dicta
1830 3053 1957 3099 sunt
1989 3042 2197 3119 Fragm.

396 3138 550 3196 Com.
587 3137 775 3194 Graec.
813 3136 920 3194 vol.
947 3136 1021 3192 ΙΙΙ
1055 3159 1109 3216 p.
1135 3141 1239 3194 106
1273 3159 1354 3214 sq.
1395 3140 1683 3214 exscripsit
1716 3136 1957 3214 Wagner
1990 3138 2059 3194 ad
2092 3138 2201 3195 Eu·

394 3233 586 3312 ripidis
623 3231 805 3308 fragm.
843 3253 896 3309 p.
923 3233 1006 3289 47.
1120 3235 1241 3288 463.
1281 3238 1451 3288 παῖδα
1474 3235 1713 3306 κάρνακα
1739 3230 1803 3299 C,
1840 3231 1990 3289 παῖδ’
2006 3235 2199 3308 Ἀκαρ-

394 3333 493 3384 νᾶν
525 3325 596 3394 Ρ,
643 3347 779 3383 corr.
826 3325 1101 3383 morellus.
1266 3329 1386 3384 468.
1410 3321 1571 3385 ,εἶτεν
1616 3335 1676 3382 αἱ
1720 3325 1799 3394 Μ,
1847 3320 1945 3383 εἶτ’
1976 3335 2087 3384 {vm
2132 3326 2196 3384 C.

393 3419 518 3476 Vid.
556 3420 845 3484 Commeat
873 3441 928 3498 p.
955 3423 1039 3476 30.
1183 3424 1304 3477 470.
1344 3427 1559 3494 διέξιμεν
1596 3426 1650 3477 δὲ
1686 3423 1813 3477 πάλι
1847 3419 1917 3486 Μ,
1954 3426 2197 3495 διεξίεμεν

396 3520 450 3570 δὲ
486 3515 642 3571 πάλιν
678 3514 741 3571 C.
822 3514 947 3571 vid.
992 3515 1288 3572 Commeat.
1334 3537 1386 3593 p.
1421 3518 1508 3571 30.
1590 3517 1825 3584 ἐθνικῶς]
1874 3514 1998 3573 vid.
2038 3515 2198 3572 Com·

395 3618 556 3664 ment.
583 3630 637 3686 p.
665 3612 750 3664 30.
814 3662 816 3665 ,
857 3611 979 3664 471.
1017 3611 1348 3684 κεφαλαίωνῖ
1386 3630 1451 3664 an
1477 3610 1805 3682 κεφαλαίουῗ
1908 3613 2027 3667 477.
2066 3609 2197 3668 ὦνό-

394 3725 562 3776 μασεν
598 3701 662 3757 (3.
805 3700 924 3758 479.
963 3709 1016 3760 δὲ
1053 3715 1222 3760 κεῖται
1258 3703 1321 3759 C.
1397 3709 1561 3777 Τιμέῳ
1599 3713 1723 3758 ante
1757 3700 2092 3767 palmerium.
