3067 4575
739 537 892 637 -12,

365 760 400 814 et
419 751 574 814 aestivum
595 768 741 813 oceasum
755 746 900 811 habitare
916 744 1044 812 dieendi
1059 754 1158 821 erant,
1180 742 1266 808 unde

366 894 567 958 consequens
589 883 638 935 est
658 868 861 934 scribendum
885 890 969 934 esse:

407 989 474 1059 ὑπὸ
491 994 676 1079 χειμερινῆς
696 994 836 1077 θερινῆς
856 1016 891 1057 τε
914 987 1049 1069 δύσεως,
1072 988 1116 1066 ὡς
1137 984 1244 1073 λόχος.

279 1170 284 1177 .
365 1117 473 1203 Atque
498 1117 582 1179 hunc
608 1119 764 1181 rationem
793 1114 890 1202 piene
918 1114 1086 1179 confirmet
1111 1134 1204 1199 quem
1233 1116 1268 1177 in

365 1249 435 1303 totu
461 1239 522 1303 hue
550 1236 768 1325 disputatione
796 1260 905 1325 presse
934 1240 1076 1324 sequitur
1102 1236 1267 1321 Scymnus,

363 1362 515 1448 Ephorus
536 1360 623 1447 apud
644 1360 796 1427 Cosmum
817 1359 975 1447 indicnpi.
1002 1358 1051 1424 ed.
1075 1358 1211 1424 Montes.
1236 1382 1266 1445 p.

364 1486 433 1550 148
446 1484 562 1562 (Marx.
577 1483 686 1562 5138)
707 1484 763 1549 nbi
777 1485 857 1548 haee
870 1482 982 1548 habes:
1006 1486 1038 1549 οί
1052 1485 1112 1567 μὲν
1126 1477 1191 1570 γὰρ
1202 1480 1267 1547 Ἰν·

366 1607 420 1672 δσί
448 1611 511 1670 είσι
530 1600 653 1687 μεταξὺ
679 1606 827 1693 θερινῶν
853 1607 910 1669 καὶ
932 1606 1123 1690 χειμερινῶν
1145 1603 1268 1671 ἀνατο-

365 1729 442 1804 λῶν,
461 1728 586 1792 Κελτοὶ
607 1727 643 1792 δὲ
664 1722 737 1807 τὴν
758 1721 836 1791 ὑπὸ
858 1728 1042 1811 θερινῶν
1058 1732 1177 1814 μέχρι
1189 1750 1267 1814 χει-

225 1916 231 1923 ,
365 1850 543 1936 μερινῶν
564 1849 727 1932 δυσμῶν
738 1846 1078 1935 χῶρανκατέχουσι.
1099 1851 1267 1915 καὶτοῦτο

365 1975 428 2057 μὲν
453 1969 528 2037 ἰ’συν
550 1968 640 2037 ἐστὶν
659 1968 771 2055 ἐκείνῳ
798 1972 846 2056 τῶ
866 1968 1066 2057 διαστήματι
1093 1974 1150 2038 καὶ
1171 1968 1268 2057 μάλι-

366 2091 432 2161 στά
452 2116 522 2169 ποις
542 2090 775 2179 ἀντικείμενον.
818 2095 884 2163 Sed
906 2096 1082 2161 adscribam
1104 2098 1199 2161 etiam
1220 2116 1269 2159 se»
1389 2164 1390 2169 ς

366 2220 511 2305 quentia:
540 2214 563 2296 ἡ
591 2217 626 2282 δὲ
646 2218 713 2283 τῶν
733 2216 888 2284 Σκυθῶν
914 2220 1110 2298 κατοίκησις
1129 2217 1188 2283 τοῦ
1209 2219 1269 2302 μὲν

366 2338 463 2420 ἡλίου
482 2342 543 2419 τῆς
563 2342 748 2431 περιφορᾶς
769 2337 828 2406 τὸν
845 2343 1057 2408 διαλείποντα
1073 2345 1199 2424 κατέχει
1212 2335 1269 2404 τό·

365 2483 441 2540 τιον,
461 2459 639 2529 ἀπίκαται
659 2465 696 2530 δὲ
715 2457 799 2551 πρὸς
819 2459 859 2530 τὸ
876 2467 942 2530 τῶν
955 2459 1138 2530 Αίθιόττων
1158 2463 1268 2540 ἔθνος,

367 2578 389 2650 δ
410 2585 500 2650 δοκεῖ
519 2589 729 2673 παρατείνειν
749 2581 818 2652 ἀπὸ
847 2584 1020 2654 ἀνατολῶν
1042 2589 1108 2652 τῶν
1120 2585 1268 2672 χειμερι-

366 2709 435 2772 νῶν
454 2711 548 2794 μέχρι
569 2708 789 2792 δυσμῶντῶν
808 2705 1032 2794 βραχυτάτων.
1069 2708 1162 2774 Adde
1183 2709 1269 2774 Stra·
1333 2797 1336 2802 Ι

367 2828 594 2917 bun.1p.3i
616 2831 706 2896 δοκεῖ
718 2827 793 2915 γάρ,
815 2833 919 2921 φησίν
940 2832 1127 2918 (Ephorus),
1149 2827 1188 2896 τὸ
1203 2832 1269 2897 τῶν

367 2949 550 3018 Αίθιόπων
576 2955 680 3030 ἔθνος
699 2957 910 3040 παρατείνειν
931 2952 989 3020 ἀπ’
1009 2952 1182 3020 ἀνατολῶν
1200 2976 1268 3038 χει-

367 3071 508 3161 μερινῶν
526 3079 622 3162 μέχρι
642 3077 776 3161 δυσμῶν
797 3081 831 3156 (i.
853 3099 881 3144 e.
904 3079 1037 3162 δυσμῶν
1054 3077 1267 3177 χειμερινῶν),

366 3193 555 3276 ἡΣκυθία
584 3196 613 3262 δ’
631 3197 810 3264 ἀντίκειται
829 3195 944 3284 τούτῳ.
994 3201 1033 3264 ln
1061 3201 1267 3287 sequentibus

367 3319 539 3405 scymnus,
573 3331 742 3406 postquam
777 3332 927 3407 quattuor
953 3326 1116 3410 primarias
1145 3333 1268 3412 gentes,

366 3441 466 3507 ludos
489 3443 663 3530 Aethiopes
684 3442 796 3508 Celtas
825 3456 858 3509 et
878 3447 1030 3533 Sophus,
1057 3447 1267 3514 incolentium

365 3587 501 3632 numero
524 3577 557 3630 et
576 3565 778 3632 multitudine
798 3591 891 3654 pares
919 3593 989 3635 esse
1012 3571 1103 3647 dixit,
1131 3591 1179 3634 vs.
1204 3571 1267 3634 179

365 3691 412 3754 itu
432 3691 551 3776 pergit:
