3067 4575
692 560 733 630 53

261 780 334 858 geta
368 781 488 836 noster.
550 771 718 835 Postremo
753 790 850 834 versu
883 765 944 850 τήν
982 781 1055 836 autc
1085 794 1162 860 χορ-

259 889 404 980 ρόνησον
431 892 532 960 codex
563 896 691 968 omittit;
726 891 863 956 fortasse
897 895 994 980 igitur
1021 903 1162 980 praestat

260 1016 408 1096 Δηλίοισι
426 1011 630 1102 χερρόνησον
652 1014 807 1092 scribere,
830 1025 866 1079 ut
888 1014 967 1080 deus
989 1017 1161 1082 Heracleo-

259 1150 307 1204 tas
331 1150 363 1204 et
377 1138 491 1204 Delios
514 1159 581 1202 non
602 1141 636 1204 in
652 1137 889 1203 Chersonesum
907 1139 1081 1220 Tauricam,
1103 1139 1162 1206 sed

260 1265 408 1327 universe
437 1264 470 1324 iu
493 1259 693 1347 peninsulam
723 1260 860 1324 colonos
886 1258 1004 1325 ducere
1026 1266 1161 1328 iusserit.

259 1383 440 1449 Penultimo
463 1406 556 1448 versu
579 1386 702 1447 restitui
726 1405 819 1469 quem
841 1382 924 1447 falso
939 1384 1162 1449 Lctrouuusa
1277 1429 1281 1433 ,

259 1505 391 1592 Periplo
414 1506 527 1571 abesse
550 1505 626 1572 dicit
641 1505 816 1570 articulum.
849 1506 937 1572 Idem
953 1530 1048 1593 quum
1068 1505 1163 1571 Ἀσία

261 1627 508 1714 antepenultima
530 1629 629 1718 longa
653 1629 755 1694 dicia
779 1630 921 1716 Scymuo
944 1633 1064 1709 statuit,
1091 1631 1162 1694 siue

259 1749 358 1816 dubio
389 1755 512 1817 erravit.
565 1753 808 1818 Obversabatur
828 1755 995 1825 Latronuo
1017 1755 1162 1818 Homeri·

260 1897 330 1940 cum
347 1873 442 1960 Ἀσίρ
457 1881 493 1942 ἐν
507 1876 646 1959 λειμῶνι,
668 1877 722 1940 vel
735 1877 945 1965 Virgiliaoum
960 1877 1042 1941 Ario
1052 1888 1161 1963 proto,

259 2021 341 2086 quae
363 2022 458 2086 quum
480 1999 591 2064 ultima
613 1998 703 2063 brevi
726 1999 879 2079 dicantur,
903 2003 1077 2066 rectissime
1098 2001 1162 2085 pri-

257 2145 339 2188 mam
362 2123 550 2209 producunt,
572 2121 659 2209 quod
683 2144 774 2186 secus
797 2135 846 2188 est
860 2127 894 2188 iu
914 2122 1017 2191 Ἀσία.
1050 2124 1161 2208 Itaque

258 2243 362 2333 neque
384 2247 593 2313 Archilochus
622 2246 659 2311 sr.
681 2246 725 2311 22
754 2250 879 2333 scripsit
906 2243 976 2313 οὐδ’
995 2245 1104 2325 Ἀσίης
1124 2266 1161 2330 ys

259 2363 416 2453 καρτερὸς
436 2365 666 2459 μηλοτρόφον,
694 2368 752 2433 sed
771 2368 900 2447 Ἀσίδος
923 2371 985 2454 γῆς
1004 2361 1162 2455 καρτερός

259 2490 313 2555 vel
334 2490 428 2555 simili
443 2491 540 2557 modo
563 2496 649 2571 (uam
670 2490 757 2569 Ἀσίς
779 2514 846 2558 nou
869 2492 953 2580 apud
969 2495 1079 2579 epicos
1093 2501 1162 2557 tau-

259 2625 325 2679 tum
353 2623 466 2699 poetas
498 2625 529 2678 et
558 2617 589 2679 iu
618 2614 727 2701 lyricis
756 2620 947 2704 tragicorum
973 2613 1160 2682 carminibus

259 2740 391 2825 primam
414 2735 578 2822 producit·
594 2736 651 2801 scd
676 2740 768 2801 etiam
791 2742 825 2801 in
846 2738 995 2816 iambicis,
1017 2750 1053 2803 ut
1075 2734 1161 2823 apud

259 2858 410 2945 Aeschyl.
429 2860 516 2924 Pers.
533 2862 598 2925 749
614 2870 647 2923 et
661 2861 862 2946 Antipatrum
886 2861 997 2925 Thess.
1012 2862 1079 2940 68),
1100 2878 1162 2923 nec

259 2984 416 3069 Scymnus
431 3004 477 3047 vs,
494 2984 557 3047 771
582 2986 626 3059 είς
639 2980 751 3048 Ἀσίαν
766 2979 1061 3074 στροίτινμαῖδιέβη
1076 2982 1161 3069 βαρ·

259 3102 382 3191 βάραν,
405 3116 438 3171 et
459 3108 523 3173 821
551 3110 596 3182 είς
615 3103 730 3169 Ἀσίαν
751 3100 930 3183 ἐλθόντας,
960 3098 1018 3181 οὓς
1040 3099 1081 3185 δὴ
1104 3104 1161 3168 καὶ

259 3224 388 3307 Σάκας,
411 3228 525 3315 quibus
548 3228 627 3293 locis
650 3200 737 3293 recte
753 3226 920 3293 articulum
936 3227 1035 3294 babet
1049 3237 1162 3293 auctor

259 3350 388 3437 Peripli.
440 3349 621 3439 Corruptos
644 3354 717 3416 item
740 3374 788 3416 vs.
807 3353 873 3417 922
900 3346 988 3417 κατὰ
1008 3353 1043 3417 δὲ
1064 3347 1161 3416 πόλιν

259 3470 384 3555 ταύτην
413 3466 530 3559 σχεδὸν
550 3478 610 3555 τῆς
629 3472 754 3552 Ἀσίας,
783 3473 839 3539 ubi
867 3497 961 3562 quom
985 3474 1086 3539 codex
1107 3474 1161 3539 ba·

259 3596 334 3661 beat
355 3590 440 3661 κατὰ
469 3596 503 3661 δὲ
525 3590 587 3677 τὴν
608 3593 706 3662 πόλιν
727 3594 852 3677 ταύτην
876 3600 936 3678 τῆς
956 3597 1066 3674 Ἀσίας
1088 3618 1160 3683 σχι-

261 3714 334 3797 adv,
358 3730 498 3805 apertum
523 3730 572 3783 est
594 3719 795 3785 scribendum
816 3741 889 3793 ,esse
910 3714 996 3785 κατὰ
1018 3715 1078 3800 τὴν
1098 3714 1160 3786 πό-
