3067 4575
800 528 844 598 38

748 621 898 632 -μ--ι-

684 829 740 893 Vs.
764 830 830 893 656
847 865 887 877 -
903 827 956 890 58.

348 1055 353 1064 ,
420 984 503 1052 Μετ’
521 983 718 1072 Ἀμφίπολιν
740 979 781 1063 δὴ
802 978 965 1070 πρότερον
989 978 1115 1067 Οὶσόμη
1136 979 1232 1059 πόλις

384 1195 387 1201 Ι
423 1086 554 1176 Θαόίων
575 1110 747 1192 γενομένη,
769 1100 853 1191 μετὰ
874 1106 909 1170 δὲ
930 1105 1035 1170 ταῦτα
1058 1101 1274 1184 Μακεδόνων,

418 1227 484 1298 ἀπό
507 1234 566 1310 τῆς
588 1201 769 1308 Μακέόσης
787 1225 966 1313 Ἠμαθίας
986 1250 1021 1292 τε
1043 1228 1226 1312 λεγομένης.

374 1357 487 1441 Inepta
508 1353 668 1418 hocloco
690 1351 847 1438 particula
868 1347 923 1431 δή,
949 1353 1146 1415 necessarius
1168 1361 1272 1415 autem

375 1477 415 1542 ad
435 1471 561 1560 Οίσόμη
583 1473 741 1553 articulus,
764 1497 802 1540 ex
819 1495 883 1561 quo
898 1472 1086 1561 intelligitur
1099 1472 1273 1559 Scymnum

374 1601 552 1684 scripsisse:

418 1718 488 1802 μετ’
506 1718 703 1808 Ἀμφίπολον
725 1715 754 1783 δ’
774 1716 796 1797 ἡ
818 1715 978 1804 πρότερον
1001 1755 1041 1770 -

374 1845 428 1908 De
456 1845 551 1908 tertio
582 1812 677 1906 rersu
705 1840 868 1906 Fabricius
902 1851 1000 1920 „ante
1033 1843 1119 1906 hunc
1146 1863 1273 1906 versum

376 1965 530 2052 quaedam
554 1962 705 2030 excidisse
719 1963 876 2042 videntur,
898 1986 980 2051 quae
994 1963 1035 2028 ad
1049 1963 1275 2030 Maoedonism

376 2088 570 2176 spectabant,
594 2097 649 2150 aut
668 2086 720 2150 hic
742 2107 853 2152 versus
875 2099 924 2152 est
939 2086 1109 2174 ponendus
1130 2100 1206 2189 pust
1224 2110 1273 2154 vs.

376 2215 474 2276 619.“
519 2207 728 2275 scribendum
748 2214 857 2297 potius
878 2209 1018 2276 videtur:

421 2330 488 2399 ἀπὸ
510 2337 569 2413 τῆς
592 2334 767 2413 Μακέττης
786 2332 963 2418 Ἠμαθίον
984 2358 1019 2399 τε
1041 2336 1208 2419 λεγομένη.

377 2458 426 2521 Its
448 2456 590 2541 Oesyma
619 2478 737 2521 nomen
764 2461 895 2523 traxisse
922 2456 1038 2523 dicitur
1057 2458 1099 2523 ab
1121 2458 1274 2543 Oesyrna,

378 2580 536 2645 Μεοοίεεο
560 2590 591 2645 et
605 2580 741 2643 Emathii
762 2580 837 2645 filia.
873 2582 1044 2646 Μοοεεεεο]
1066 2580 1106 2645 sb
1127 2580 1198 2645 aliis
1210 2602 1275 2645 ms

378 2706 495 2767 morari
522 2723 589 2766 non
617 2706 757 2783 memini,
785 2704 962 2769 Emathium
990 2714 1095 2771 sutem
1122 2704 1274 2769 habemus

327 2833 329 2837 '
378 2824 464 2912 apud
486 2825 679 2911 Stephanum
699 2828 779 2911 Byr.
802 2848 827 2890 s.
844 2848 873 2889 v.
895 2825 1054 2913 Βρονοίςε
1075 2835 1179 2915 μοῖρα
1194 2828 1276 2891 Μα-

377 2924 622 3025 κεδονίας,’ἀπό
638 2944 801 3035 Βρούσον,
819 2945 998 3032 Ἠμαθίον
1011 2945 1137 3029 παιδός,
1160 2960 1192 3015 et
1206 2972 1231 3015 s.
1243 2974 1274 3013 v.

378 3064 562 3157 Γαλόὸραιε
593 3067 688 3149 πόλις
711 3071 986 3151 Μακεδονίας..
1009 3065 1075 3139 ἀπό
1097 3068 1276 3160 Γαλοίδρον

378 3192 437 3255 τοῦ
455 3190 633 3276 Ἠμαθίον
654 3192 782 3273 παιδός.

716 3406 774 3469 Vs.
796 3406 871 3469 682.
895 3427 941 3491 sq.

620 3558 801 3645 Ἠλέκτρας
820 3558 976 3642 τεκούσης
996 3559 1171 3649 Δάρδανον

422 3684 481 3763 τῆς
502 3685 677 3769 λεγομένης
697 3683 904 3763 Ἀτλαντίδος
921 3683 1078 3752 Ἰασίωνα
1097 3709 1133 3751 τε
1155 3724 1196 3737 -
