3067 4575
738 517 888 619 ..¹22-

282 745 284 749 ·
360 729 464 803 κτίσις
484 723 643 791 Ποτίὸαι’
663 728 748 806 έστί,
770 721 896 813 Δωρικὴ
918 722 1021 804 πόλις,

292 860 344 915 630
360 845 443 935 μετό
465 849 570 915 ταῦτα
592 845 811 937 Κασοίνδρεια
836 846 866 915 δ’
886 846 1112 935 ὠνομασμένη.

362 976 397 1037 έν
419 972 458 1063 τῇ
479 973 638 1056 μεσογείῳ
661 970 690 1037 δ’
707 968 906 1056 Ἀντιγόνεια
927 974 1101 1057 λεγομένη·

355 1086 522 1171 Ὄλυνθος
543 1088 681 1180 ὕστερον
702 1094 737 1160 δὲ
759 1099 918 1181 γενομένη
939 1091 1043 1174 πόλις,

360 1212 404 1298 ἣν
426 1216 639 1299 έξανέοτησεν
664 1218 830 1294 Φίλιππος
851 1215 870 1284 ό
895 1213 1068 1296 Μακεδών,

361 1334 478 1426 δόρατι
499 1335 675 1427 κρατήσας.
704 1333 790 1425 μετὰ
810 1340 846 1405 δέ
867 1333 929 1419 τὴν
947 1339 1131 1407 Ὀλυνθίαν

291 1468 342 1523 635
358 1459 560 1548 Ἀρέθουσα,
581 1458 746 1543 Παλλήνη
768 1460 798 1528 τ’
817 1460 867 1528 ἐπ’
885 1464 993 1548 ίθμοῠ
1013 1466 1151 1547 κειμένη.

359 1579 482 1664 ταύτην
505 1585 555 1663 δέ,
581 1584 735 1671 Φλέγραν
756 1579 795 1651 τό
817 1580 978 1673 πρότερον
997 1586 1211 1671 καλουμένην,

360 1701 436 1783 τοὺς
457 1702 649 1794 θεομοίχους
670 1708 839 1792 Γίγαντας
860 1710 993 1788 ολκῆσαι
1013 1703 1119 1793 λόγος,

359 1824 444 1915 μετὰ
465 1831 570 1896 ταῦτα
592 1830 784 1910 Παλληνεῖς
805 1828 836 1896 δ’
855 1827 916 1921 ἀφ’
936 1826 1046 1896 αὑτῶν
1068 1826 1235 1916 όνομοίσαι

359 1953 510 2036 λέγουσιν
531 1950 746 2038 ὁρμηθέντας
767 1951 802 2033 ἐξ
822 1952 963 2038 Ἀχαίας.

291 2074 342 2131 640
360 2070 417 2141 εἶτ’
436 2078 504 2143 έστι
525 2072 646 2152 κόλπος
668 2071 843 2161 λεγόμενος
870 2072 1061 2163 Τορωνικός,

360 2188 400 2265 οὗ
420 2196 582 2289 πρότερον
604 2189 646 2280 ἦν
667 2222 717 2275 τις
740 2193 945 2288 Μηκόβερνα
965 2201 1111 2282 κειμένη·

358 2320 434 2404 ἑξῆς
461 2319 596 2410 Τορόνη
617 2331 688 2400 τοῖς
708 2319 824 2399 τόποις
843 2317 1024 2409 ὁμώνυμος.

360 2442 442 2512 εἶτεν
462 2447 604 2530 πελαγία
625 2447 783 2530 Λῆμνος,
805 2442 998 2536 Ἡφαίστου
1017 2441 1150 2537 τροφός,

359 2563 403 2650 ἢν
425 2565 444 2636 ὁ
465 2564 626 2636 Διονύσον
646 2571 776 2654 πρῶτος
798 2568 908 2647 οἰκίζει
933 2563 1031 2646 Θόας,

291 2695 342 2750 645
358 2686 443 2777 μετὰ
463 2694 569 2758 ταῦτα
592 2689 621 2758 δ’
642 2693 734 2778 έσχεν
753 2684 902 2771 Ἀττικὴν
921 2687 1087 2756 ἀποικίαν.

359 2808 418 2880 τόν
437 2808 586 2882 Ἄθω-δὲ
607 2810 878 2901 παραπλεύσαντι
897 2809 1061 2902 παράλιος
1081 2808 1175 2891 πόλις

356 2932 523 3015 Ἅκανθός
544 2942 646 3018 έοτιν,
666 2937 823 3027 Ἀνδρίων
844 2934 990 3017 ἀποικία,

357 3057 436 3148 παρ’
455 3055 498 3141 ἢν
519 3059 637 3146 διῶρυξ
659 3062 822 3128 δείκνυται
842 3064 1026 3146 τετμημένη

360 3386 363 3399 ¹
409 3325 470 3381 629.
488 3321 617 3382 Ποτίδαι’
631 3330 686 3379 ἐστι
699 3321 730 3379 C.
784 3324 845 3379 635.
862 3322 1061 3398 τίπισθμοῦθ.
1117 3324 1179 3379 636.
1197 3329 1262 3398 φλέ-

356 3441 418 3493 γροι
437 3417 469 3475 C.
553 3419 614 3472 638.
639 3418 794 3488 Πελληνεῖςλ
829 3415 886 3473 Cfr.
910 3416 1060 3474 Commeat.
1082 3437 1109 3495 p.
1125 3419 1169 3474 37.
1206 3416 1259 3493 ἀφ’

356 3513 442 3569 αὑτῶν
460 3509 624 3588 vindingus,
643 3509 765 3582 οἶφνντῶν
784 3509 816 3567 G.
887 3511 948 3570 639.
967 3513 1135 3587 ὁρμηθέντας
1153 3509 1189 3580 Μ,
1211 3513 1261 3588 ὁρ-

355 3614 503 3680 μισθέντας
521 3604 553 3664 C.
612 3607 673 3662 64'2.
693 3605 786 3682 Τορινὴ
804 3603 836 3663 C.
893 3608 953 3663 6⁴³.
972 3600 1022 3663 εἶτ’
1035 3611 1180 3680 έμπελαγία
1196 3615 1261 3664 ante

356 3697 481 3756 Gnilium.
