3067 4575
743 546 891 647 A

367 758 494 845 Θρᾷκες
506 752 696 842 νεμόμενος.
708 755 824 841 quibus
837 754 943 819 verbis
958 754 1126 821 manifesto
1143 750 1267 821 ὀΠον-

363 875 452 957 τινος
467 872 595 967 ’Ἴστρος
615 882 792 965 opponitur
819 881 865 961 τῷ
885 876 1084 963 Ἀδριοτνκῷ.
1135 875 1204 943 Cir.
1226 877 1268 943 ad

365 1006 500 1069 ventu.
535 1003 707 1067 Enimvero
730 1000 791 1065 alin
815 1023 943 1087 qnoque
965 999 1056 1071 lucus
1079 998 1268 1065 difficultate

364 1128 531 1213 premitnr3
557 1124 636 1211 qnid
649 1128 742 1189 'enim
765 1145 879 1189 causae
906 1144 975 1189 esse
999 1122 1151 1201 dicamus,
1180 1122 1268 1208 quud

365 1251 492 1312 tertiam
513 1258 655 1335 gentem,
681 1269 774 1333 quam
797 1245 922 1311 boreali
945 1246 1111 1311 columnae
1132 1247 1268 1311 vicinam

365 1370 442 1435 dicit
468 1372 619 1456 scriptor,
647 1369 752 1435 inutili
780 1369 951 1435 verborum
980 1370 1269 1455 circumscriptione

365 1515 404 1557 er
433 1493 609 1580 longinquo
636 1490 812 1557 =ostendere
842 1513 934 1577 quam
967 1512 1027 1557 suo
1055 1493 1187 1556 nomine
1215 1514 1269 1579 ap

364 1614 486 1703 pellere
507 1612 671 1678 maluerit?
713 1615 915 1699 Itaquenon
936 1614 1062 1693 Istrum,
1089 1612 1148 1680 sed
1170 1614 1268 1679 istros

365 1736 810 1813 commemoratos-arbitron
839 1758 943 1823 eoque
974 1740 1066 1801 etiam
1090 1736 1190 1803 codex
1213 1736 1269 1803 du·
1356 1803 1359 1809 .

365 1863 416 1938 cit,
438 1862 472 1923 iu
495 1880 559 1945 quo
576 1855 693 1944 ’Ἴστρῳ
715 1862 938 1945 scriptumest.
972 1860 1159 1949 Legendum
1173 1862 1269 1950 igitur

359 1977 496 2069 Ἴστρων
521 1977 750 2061 καθηκόντων.
807 1983 879 2047 istri
909 1992 1012 2049 autem
1035 1986 1171 2049 Venetis
1194 2005 1268 2049 cou-

365 2108 500 2171 termini.
551 2104 667 2190 Scylnx
689 2106 759 2169 Per.
783 2106 827 2171 20
854 2100 937 2189 μετὰ
965 2107 999 2171 δὲ
1027 2101 1104 2183 τοὺς
1122 2102 1269 2183 Ἐνετούς

366 2233 447 2294 εἰσιν
475 2229 579 2305 ἔθνος
598 2221 724 2315 ’Ἴστρον
751 2229 808 2294 καὶ
836 2222 986 2314 ποταμὸς
1002 2224 1138 2318 Ἴστρος.
1190 2231 1269 2296 Eos-

366 2350 439 2418 dem
466 2351 829 2448 memoratStephanus
859 2353 996 2438 Byzaut.
1027 2375 1051 2417 s.
1079 2377 1109 2417 v.
1133 2347 1267 2442 Ἴστρον

366 2474 470 2548 ἔθνος
491 2479 528 2538 ἔν
547 2477 594 2558 τῷ
613 2471 720 2558 Ἰονίῳ
740 2471 867 2559 κόλπῳ,
895 2457 1076 2552 ‘Euavazoe
1120 2477 1269 2563 Denique

365 2599 436 2682 ipse
464 2597 621 2682 scymnus
648 2620 695 2662 vs
718 2598 783 2664 391
809 2594 947 2686 Ἐνετῶν
982 2600 1112 2684 ἔρονται
1143 2598 1270 2686 upum

360 2713 486 2806 ’Ἴστρον
518 2715 702 2804 λεγόμενοι,
739 2731 773 2786 et
804 2743 898 2808 quem
926 2721 1082 2806 Scymnus
1116 2724 1270 2808 expressit
1378 2729 1380 2736 '

367 2841 590 2928 Apollodorus
624 2843 710 2933 appd
739 2843 935 2932 Stephanum
965 2845 1156 2929 Byzantium
1188 2867 1211 2908 s.
1238 2869 1268 2908 v.
1391 2909 1392 2924 ¹

363 2961 488 3041 Ὺοτεῑς
512 2989 544 3052 p.
560 2968 642 3046 τοο,
666 2969 718 3032 rs
1391 2937 1392 2948 Ν

411 3084 548 3174 ὑπὲρέ
514 3090 548 3155 δὲ
569 3113 646 3167 τονς
661 3085 801 3166 Υλλονς
821 3090 988 3176 Λιβυρνοὶ
1010 3093 1066 3154 καί
1088 3111 1172 3168 τινος

406 3205 531 3296 Ἴστρον
551 3209 722 3297 λεγόμενοι
748 3211 883 3298 Θρᾷκες.

367 3331 518 3400 Ceterum
541 3329 634 3410 ἐντὸς
654 3355 722 3399 non
749 3357 819 3398 cum
845 3335 911 3398 τῶν
933 3335 1206 3424 coniungendum‚
1235 3347 1270 3402 ut

257 3485 265 3490 ·
367 3459 469 3523 risum
492 3467 541 3522 est
554 3457 729 3536 Letronmr,
751 3455 810 3522 sed
833 3477 903 3522 cum
923 3459 1129 3545 sequentibus
1153 3465 1197 3537 εἰς
1210 3453 1270 3534 τὸν
1391 3519 1392 3546 ¹

365 3577 506 3669 Ἀδρίαν,
529 3581 663 3670 genitivi
684 3590 789 3645 autem
804 3578 947 3666 pendent
965 3582 1003 3646 ab
1020 3584 1167 3669 inputet,
1181 3582 1270 3670 quod
1391 3577 1392 3598 ³

369 3703 647 3790 exsuperioribus
669 3704 900 3796 assumendum.
