3067 4575
1529 574 1706 650 „30

1385 876 1499 938 Vs.
1549 876 1675 939 467
1708 912 1794 923 -
1827 874 1930 941 72.

842 1026 951 1097 “H
982 1055 1052 1098 τε
1095 1026 1593 1116 Πελοποννήσῳ
1643 1027 1950 1114 σύνεγγυς
1991 1031 2249 1115 κειμένη

856 1150 1228 1234 Ζάκυνθος,
1272 1151 1385 1221 εἶτ’
1424 1158 1592 1220 ἔνιαι
1632 1150 2055 1234 καθήκουσαι
2094 1155 2303 1236 πέραν

853 1273 1019 1363 πρὸς
1060 1273 1180 1345 τὸν
1218 1279 1563 1364 Ἀχελῶον,
1608 1272 1952 1362 λεγόμεναι
1994 1272 2053 1340 δ’
2088 1268 2431 1359 Ἐχινάδες.

854 1397 1003 1480 ἑξῆς
1046 1399 1358 1486 διεξίεμεν
1402 1401 1470 1466 δὲ
1514 1396 1716 1464 πάλιν
1758 1395 1884 1480 τὴν
1919 1393 2209 1464 Ἑλλάδα

855 1525 962 1587 ἐπὶ
1004 1504 1343 1611 κεφαλαίῳ
1385 1517 1541 1598 τούς
1581 1544 1651 1587 τε
1691 1524 1841 1609 περὶ
1885 1514 2094 1600 αὐτὴν
2135 1515 2376 1593 τόπους

858 1644 1140 1719 ἐθνικῶς
1183 1638 1485 1719 ἅπαντας
1527 1641 1673 1708 κατ’
1698 1639 1993 1733 ’Ἔφορον
2035 1637 2430 1724 δηλώσομεν.

770 1764 969 1851 Quod
1027 1786 1119 1829 vs.
1160 1767 1292 1831 468
1347 1764 1584 1854 legitur
1641 1764 1754 1832 εἶτ’
1805 1769 1972 1832 ἔνιαι
2025 1787 2247 1851 parum
2302 1761 2566 1851 elegans

772 1898 869 1952 est
924 1886 1236 1977 Vindingi
1295 1892 1690 1968 coniectura,
1748 1888 1971 1954 codice
2030 1883 2141 1954 εἶτ’
2191 1888 2332 1952 ἕναι
2385 1906 2567 1972 prae-

771 2009 997 2088 bente,
1041 2014 1109 2074 in
1153 2032 1281 2097 quo
1328 2011 1479 2098 quid
1524 2013 1778 2077 tandem
1825 2011 1998 2077 aliud
2042 2010 2241 2075 latere
2287 2009 2568 2074 dicamus

773 2155 956 2218 quam

862 2250 1246 2335 Ζάκυνθος,
1292 2254 1454 2323 εἶτεν
1498 2262 1570 2323 αἱ
1613 2254 2036 2338 καθήκουσαι
2077 2259 2322 2340 πέρανῖ

773 2379 889 2442 Vs·
936 2380 1065 2443 470
1123 2378 1401 2445 editores
1458 2385 1644 2447 nimis
1700 2385 2019 2469 patienter
2060 2378 2342 2444 tulerunt
2383 2381 2567 2444 vitio-

773 2522 902 2566 sam
947 2501 1213 2565 formam
1258 2500 1586 2588 διεξίεμεν.
1629 2515 1958 2592 praeterea
2003 2501 2170 2566 idem
2210 2524 2431 2566 versus
2475 2505 2568 2565 vi-

774 2625 867 2686 tio
898 2622 1149 2688 laborat
1175 2628 1459 2702 metrico,
1505 2626 1679 2712 quod
1722 2649 1913 2712 supra
1945 2627 2124 2713 attigi
2150 2648 2216 2711 p.
2240 2626 2344 2690 lo.
2412 2624 2566 2710 scy-

773 2767 956 2809 mnus
1008 2749 1370 2833 scripserat:

862 2865 1013 2946 ὲξῆς
1055 2867 1333 2952 διέξιμεν
1375 2870 1445 2934 δὲ
1486 2863 1649 2932 πάλι
1689 2864 1813 2948 τὴν
1848 2866 2153 2936 Ἑλλάδα.

774 2989 879 3052 De
923 2989 1123 3055 forma
1153 2987 1330 3068 πάλι,
1374 3013 1499 3077 qua
1528 3001 1751 3056 noster
1780 3015 1870 3056 νε.
1894 2996 2041 3059 585.
2078 2993 2350 3058 fortasse
2382 2995 2568 3056 etiam

774 3111 903 3176 834
949 3135 1099 3178 usus
1131 3125 1244 3191 est,
1290 3113 1416 3178 dixi
1446 3113 1692 3179 Comic.
1725 3103 1841 3180 Gr.
1885 3088 2015 3180 krol.
2048 3117 2108 3181 11
2152 3117 2394 3203 p..625.
2449 3115 2568 3177 Vs,

774 3235 901 3298 471
949 3233 1346 3300 scribendum
1391 3238 1497 3301 ἐπὶ
1540 3237 1930 3325 κεφαλαίου,
1983 3250 2053 3304 ut
2095 3264 2158 3303 v.
2189 3241 2276 3304 70
2318 3238 2570 3326 legitur,

774 3366 884 3419 aut
925 3359 1032 3420 ἐπὶ
1074 3359 1469 3444 κεφαλαίων,
1512 3370 1586 3422 ut
1631 3369 1728 3422 est
1755 3363 1822 3422 in
1852 3363 2225 3449 apographo
2256 3361 2568 3426 Palatino.

784 3479 1069 3562 musique
1114 3500 1286 3543 nove
1332 3479 1566 3544 dictum
1613 3491 1710 3545 est
1754 3482 1926 3567 quod
1970 3483 2193 3550 ultimo
2239 3505 2427 3549 versu
2461 3483 2571 3546 ha-

778 3599 906 3668 hez*
949 3601 1229 3678 ἐθνικῶς
1271 3605 1311 3666 i.
1349 3624 1404 3666 e.
1445 3604 1822 3688 populatim.
1893 3608 1979 3671 Et
2020 3608 2214 3672 habet
2254 3607 2570 3691 scymnus

818 3727 959 3785 ²⁵‘vm
1005 3722 1130 3787 alia
1186 3725 1492 3810 quaedam
1537 3730 1740 3792 minus
1789 3733 2018 3795 usitate
2062 3729 2259 3811 dicta,
2318 3753 2392 3795 ex
2437 3750 2568 3816 quo
