3067 4575
703 552 762 593 xxl

282 740 423 813 debatur
447 743 592 815 ionicum
609 735 733 839 Ἥρης.
766 752 800 811 at
830 740 910 839 quid
933 742 1073 839 impedit
1097 769 1181 843 quo-

280 874 390 945 minus
406 871 591 973 Scymnum
607 874 718 945 ionice
741 873 917 969 scripsisse
934 876 1182 951 existimemus?

281 1007 326 1077 ite
356 1005 531 1103 respondit
567 1004 647 1077 mihi
686 1004 857 1077 consultus
889 1004 932 1077 de
961 1004 1181 1081 Herodianeis

280 1135 464 1211 Herodinui
495 1138 624 1209 firtnrus
649 1136 777 1221 editor,
809 1132 982 1225 LehrsiuS,
1018 1140 1114 1211 simul
1138 1167 1181 1213 ex

280 1270 347 1341 hoc
376 1272 452 1368 ipso
482 1270 560 1342 loco
594 1295 633 1341 se
665 1268 708 1341 de
746 1267 938 1343 diversitate
971 1267 1110 1370 Scymui
1148 1286 1183 1345 et

280 1404 454 1499 scriptoris
470 1399 695 1499 Periegeseos
720 1404 945 1475 coniecturam
971 1405 1105 1500 cepisse
1123 1402 1181 1473 nd-

280 1536 406 1605 iiciens.
439 1537 496 1632 qui
521 1533 613 1633 quod
638 1534 681 1609 de
707 1534 850 1607 dialecto
877 1532 1069 1633 Scymniaui
1099 1562 1182 1633 ope·

279 1668 326 1737 ris
359 1668 510 1755 coniicit,
541 1666 576 1738 id
609 1681 706 1741 erunt
737 1666 879 1741 fortasse
911 1670 968 1765 qui
999 1696 1063 1741 usu
1087 1670 1182 1741 vocis

280 1790 476 1899 σαυρωτήρ
502 1799 820 1897 (p.xvl11),mihi
845 1799 979 1899 quidem
1004 1804 1067 1873 nisi
1092 1802 1182 1901 apud

278 1930 462 2006 Homerum
489 1944 523 2005 et
541 1929 751 2005 Herodotum
769 1960 931 2031 nusquam
956 1934 1075 2020 lectae,
1100 1960 1180 2005 con-

278 2064 399 2137 firmari
426 2077 553 2163 putent.
585 2066 786 2137 ΕΥΡΕΘΗ
807 2079 917 2139 autern
942 2093 985 2139 ex
1010 2066 1185 2141 EYPON

281 2210 473 2295 corruptum
504 2196 610 2269 videri
639 2211 770 2297 potest,
799 2212 836 2271 ut
859 2196 1071 2271 Herodianus
1096 2202 1180 2271 scri·

281 2331 400 2424 psen't:
426 2324 602 2402 οὕτωκαὶ
627 2323 769 2431 [παρὰ]
796 2324 957 2428 Euripum
982 2336 1020 2404 ἐν
1036 2336 1087 2428 uqi
1113 2336 1180 2431 τῆς

277 2455 401 2546 Ἀσίας
432 2463 590 2560 περίπλῳ
616 2454 733 2562 εὗρον.
771 2467 834 2536 nisi
863 2464 957 2536 malis
984 2463 1075 2563 quod
1100 2467 1179 2536 sim-

280 2593 496 2690 plicissimum
522 2607 584 2683 est,
609 2591 706 2670 ostro
731 2597 793 2669 καὶ
808 2588 983 2691 Σκύμνος
1000 2639 1046 2652 -—
1064 2585 1178 2696 εὗρεν,

281 2724 373 2824 quod
403 2727 482 2824 quin
512 2740 605 2800 recte
629 2732 674 2801 ite
699 2729 766 2801 dici
797 2731 904 2826 possit
933 2753 1001 2800 non
1026 2728 1179 2800 dubitan-

281 2858 360 2930 dum
384 2857 525 2930 videtur.
557 2858 696 2957 εἴρηκεν
719 2873 846 2946 antem,
878 2858 969 2957 quod
994 2857 1180 2946 Cramerus,

280 2992 336 3063 vel
360 2982 529 3090 εὐρόθεν,
555 2991 646 3089 quod
669 2989 857 3064 Iretronnus
881 2993 1034 3074 coniecit,
1059 2992 1178 3063 reiicu-

280 3124 348 3196 lum
374 3137 435 3197 est.

250 3342 254 3347 ⁴
353 3256 516 3330 Effecisse
540 3257 620 3329 mihi
644 3257 762 3330 videor
788 3256 879 3356 quod
901 3257 1065 3342 volebam,
1091 3253 1178 3354 Scy-

281 3415 404 3478 mnum,
428 3392 575 3482 incertae
600 3392 717 3464 aetatis
740 3388 980 3488 geographum,
1010 3401 1180 3462 auctorem

283 3524 432 3595 extitisse
462 3526 682 3621 periegeseos
714 3547 815 3620 prosa
851 3523 1000 3594 oratione
1032 3522 1180 3594 conscri-

281 3666 374 3751 ptae3
398 3657 529 3728 metrici
545 3666 656 3728 autem
673 3657 795 3753 operis,
817 3657 911 3726 cuius
928 3657 1009 3726 satis
1028 3657 1179 3752 magnam
