3067 4575
654 552 808 652 -ω-

280 742 375 826 hant?
420 760 566 828 Tradidit
594 762 658 827 hoc
682 784 760 827 saue
783 761 967 830 Plutarchus
991 769 1032 831 V.
1055 767 1180 832 hucull

280 905 305 948 c.
327 886 370 950 23
399 897 491 952 etex
514 885 685 951 Plutarcho
712 887 896 952 Eustathius
924 887 965 952 ad
987 889 1180 974 Dionysium

278 1008 347 1096 Per.
364 1011 438 1074 772.
473 1007 583 1076 Credo
607 1019 712 1074 tamen
734 1010 798 1074 hoc
818 1011 847 1074 si
868 1008 1010 1074 indicare
1025 1011 1182 1078 voluisset

278 1131 449 1217 Scymnus,
471 1131 505 1195 id
528 1131 620 1195 aliter
643 1153 714 1196 eum
737 1131 893 1196 dicturum
916 1130 1025 1197 fuisse.
1069 1133 1181 1220 ltaque

277 1257 387 1320 nescio
411 1276 452 1318 an
467 1253 624 1339 Scymnus
647 1258 786 1338 ἐγγενεῖς
807 1256 977 1340 scripserit.
1011 1255 1114 1322 Recte
1128 1277 1181 1321 au·

277 1385 341 1440 tem
364 1375 441 1440 dicit
452 1378 582 1462 χωρίον,
605 1377 780 1454 castellum,
801 1379 822 1440 i
840 1399 867 1441 e.
890 1361 1098 1463 Themiscyra
1112 1381 1182 1444 sive

279 1499 535 1584 Themiscyrnm,
565 1521 630 1586 quo
657 1501 838 1564 Amazones
864 1499 1036 1565 utebantur
1062 1523 1182 1586 propu-

279 1619 426 1709 gnaculo,
448 1645 478 1685 v.
501 1621 609 1686 Schol.
633 1620 801 1708 Apollonii
820 1621 884 1687 Rh.
898 1623 936 1702 11,
958 1625 1026 1688 37⁰
1049 1633 1082 1686 ct
1103 1623 1181 1687 Pro-

279 1747 404 1830 copium
427 1743 509 1810 Bell.
534 1744 632 1810 Goth.
656 1746 712 1822 lV,
735 1747 766 1810 2.
818 1744 968 1831 Sequitur
994 1743 1087 1811 locus
1109 1745 1181 1812 illu-

277 1870 348 1932 stris
383 1866 425 1932 de
453 1867 651 1933 Graecorum
687 1867 823 1934 coloniis
852 1867 997 1955 Sinopen
1026 1867 1180 1948 deductis,

275 1993 410 2077 primum
435 1989 674 2070 Thessalorum,
697 2002 810 2077 postea
834 1991 1048 2057 Milesiorum:

320 2115 429 2178 ἔπειτα
453 2111 482 2178 δ’
499 2111 651 2199 Ἀμβρῶν
672 2115 719 2198 rui
744 2118 828 2198 γένει
852 2110 1028 2194 Μιλήσιος.

320 2231 384 2301 ὑιιὸ
405 2236 598 2323 Κιμμερίων
620 2227 717 2315 οὗτος
740 2234 769 2303 δ’
789 2234 1007 2324 ἀναιρεῖσθαι
1028 2237 1125 2303 δοκεῖ.

279 2357 393 2425 Codex
412 2354 622 2447 Ἀμβρώντας
636 2364 730 2444 γένει.
768 2360 979 2426 Scribendom
992 2356 1118 2446 Ἅβρων
1133 2363 1181 2446 τῷ

277 2485 370 2566 γένει.
402 2474 552 2568 Ἄμβρων
573 2485 688 2547 vitiosa
704 2483 807 2548 forma
822 2494 871 2548 est
885 2492 1035 2570 recteque
1047 2484 1180 2571 Sylhur·

135 2640 136 2643 κ
278 2608 333 2695 gio
349 2614 495 2691 suspecta
511 2604 597 2691 apud
611 2606 752 2691 Etymol.
763 2608 814 2672 Μ.
835 2631 865 2694 p.
878 2608 952 2686 226,
967 2609 1021 2672 29.
1037 2610 1111 2687 624,
1126 2611 1178 2675 57.

277 2728 369 2793 Hanc
385 2729 516 2813 primam
530 2726 683 2794 Habrone
698 2728 781 2795 duce
796 2729 995 2795 Milesiorum
1011 2729 1179 2809 coloniam,

278 2850 519 2919 cimmeriorum
541 2852 706 2917 invasione
721 2852 935 2931 disturbatam,
956 2855 1101 2939 proxime
1117 2853 1179 2919 alia

279 2973 453 3041 eorundem
476 2972 677 3039 Milesiorum
697 2986 831 3060 sequuta
853 2988 914 3040 est:

321 3093 404 3185 μετὰ
425 3099 628 3185 Κιμμερίους
650 3097 763 3181 Κῷος,
786 3094 887 3163 πάλιν
908 3097 943 3163 δὲ
964 3097 1131 3183 Κριτίνης,

322 3227 354 3288 οὶ
375 3217 545 3307 γενόμενοι
568 3218 713 3312 φυγάδες
734 3222 800 3285 τῶν
822 3222 1006 3301 Μιλησίων.

277 3348 324 3414 lta
353 3347 432 3411 haec
460 3348 494 3411 in
517 3345 630 3411 codice
655 3348 772 3432 scripta
795 3356 878 3410 sunt
929 3344 992 3409 Pro
1015 3344 1180 3431 Κριτίνης,

278 3470 366 3557 quud
400 3492 509 3555 parurn
540 3481 632 3535 caute
660 3467 827 3534 Fabricius
858 3490 920 3533 nec
947 3470 1017 3533 sine
1046 3467 1179 3532 metrico

278 3596 357 3657 vitio
377 3593 514 3677 Κριτίης
537 3595 670 3679 scripsit,
692 3590 914 3679 reponendum
929 3587 1106 3677 Κρητίνης,
1128 3610 1180 3655 cu·

278 3718 328 3781 ins
363 3718 499 3781 nominis
530 3715 705 3802 exemplum
740 3715 872 3803 praehet
898 3712 1085 3781 Herodotus
1107 3710 1179 3791 Vll,
