3067 4575
558 555 564 566 “
631 563 783 664 ,νὴ

258 773 335 840 vida
355 795 398 840 nc
419 781 474 840 aut
494 773 547 840 ἐπὶ
568 767 696 851 τούτοις
717 775 827 853 ἔθνος,
849 786 903 841 aut
923 779 959 841 tv
973 770 1073 867 ταύτῃ
1092 770 1150 840 ’στ’

259 896 585 991 &transcribendum
606 897 656 960 sit

598 1108 655 1170 Vs.
678 1109 743 1172 550
765 1129 811 1193 sq.

226 1265 234 1278 '
298 1262 355 1330 Ἔν
375 1265 423 1348 τῷ
444 1260 535 1351 πόροι
558 1264 594 1330 δὲ
613 1265 742 1346 κειμένη
763 1263 810 1345 τῷ
830 1261 986 1348 Κρητικῷ

302 1381 438 1464 ἄποικος
460 1392 547 1452 ἐστιν
568 1387 720 1471 Αλγίλεια
742 1370 932 1472 Μεγαρέων,
953 1457 957 1461 ,

302 1509 405 1588 νῆσος
424 1509 575 1592 πελαγία.

258 1630 408 1696 Secundo
443 1654 538 1697 versu
573 1619 674 1696 ccdex
713 1628 811 1694 habet
842 1627 1041 1694 Άστυπαλία
1074 1632 1095 1694 i.
1124 1652 1152 1696 c.

255 1749 491 1832 Ἀστυπάλαια,
520 1752 606 1840 quod
629 1751 767 1831 GailiuS,
796 1774 888 1838 quem
910 1752 1092 1816 Latronnus
1120 1763 1153 1818 ct

258 1875 420 1942 Fabricius
443 1879 568 1962 sequuti
590 1886 671 1954 sunt,
692 1877 846 1959 Αἰγίλεια
865 1873 1066 1940 scribendum
1081 1897 1153 1940 cen-

257 2003 333 2078 suit,
361 2011 533 2086 propterea
562 1998 650 2086 quod
675 1996 870 2084 Astypalaea
896 1974 964 2062 non
993 1999 1053 2062 sita
1082 2019 1153 2064 csse

258 2119 320 2186 dici
347 2126 448 2208 possit
476 2127 559 2187 inter
587 2114 716 2188 Cretam
745 2131 778 2185 ct
803 2120 1003 2184 Laconicam.
1049 2123 1153 2188 Recte

257 2264 348 2319 aane;
372 2255 530 2311 ettamen
551 2248 612 2309 ista
635 2245 793 2309 correctio
816 2263 857 2308 co
879 2263 978 2329 usque
1000 2243 1077 2309 mihi
1097 2246 1153 2309 im-

257 2366 434 2454 probabilis
455 2368 595 2449 videtur,
622 2378 658 2433 ut
686 2369 850 2454 scriptoris
871 2369 980 2451 potina
1001 2389 1094 2452 quam
1116 2348 1169 2433 li?

257 2490 434 2555 brariorum
450 2480 588 2554 errorem
604 2489 882 2555 subessecrcdam.
916 2487 1051 2554 Accedit
1064 2491 1153 2577 quod

151 2650 155 2658 ·
257 2612 376 2691 insula,
398 2614 487 2677 cuins
509 2632 626 2677 nomen
643 2614 710 2678 'hoc
730 2612 805 2677 loco
825 2613 993 2697 requirunt
1012 2615 1073 2677 viri
1095 2613 1153 2679 do·

258 2739 308 2814 cti,
330 2756 398 2800 non
419 2736 573 2818 Αὶγίλτια
595 2736 771 2813 dicebatur,
793 2733 850 2799 sed
871 2732 1005 2817 Αἴγιλα,
1027 2734 1153 2821 quade

257 2880 293 2923 re
316 2858 379 2923 dixi
402 2856 442 2923 ad
464 2858 657 2943 Stephanum
678 2858 814 2943 Byzant.
836 2878 861 2921 a
878 2880 909 2920 v.
931 2857 1076 2939 Αἰγιλλα,
1098 2854 1153 2921 ubi

259 2980 345 3067 quod
367 2980 440 3045 libri
462 2979 579 3046 habent
601 2981 669 3045 ’ἐστι
689 2982 746 3045 καὶ
766 2981 869 3058 νῆσος
882 2972 1004 3061 μεταξὺ
1016 2974 1152 3065 Κρήτης

258 3105 313 3169 καὶ
334 3098 593 3183 Πελοποννήσου
614 3102 776 3185 Λὶγλλεια,
801 3097 820 3165 ὁ
843 3094 981 3186 οἰκήτωρ
1002 3088 1167 3185 Λλγίλιος

259 3224 302 3303 ὡς
322 3221 506 3311 Κυθήριος,
528 3224 562 3291 id
584 3222 708 3309 Αἴγιλα
729 3222 932 3288 scribendum
955 3243 1025 3288 csse
1047 3234 1080 3289 et
1098 3246 1152 3311 pa-

134 3356 135 3359 ’
258 3352 436 3435 tronymica
447 3349 547 3415 forma
558 3350 709 3433 Αλγίλιος
725 3346 821 3411 docet
832 3356 864 3411 ct
874 3349 1069 3433 comparatio
1081 3368 1151 3411 cum

259 3466 442 3556 Κυθήριος.
471 3470 511 3535 ab
535 3470 687 3555 Λὶγίλιια
709 3472 792 3535 enim
814 3472 1065 3557 patronymicum
1087 3468 1151 3536 for-

259 3591 405 3657 mandum
434 3603 517 3659 esset
542 3588 724 3677 Αἰγιλιεύς·
748 3592 853 3678 Quam
881 3603 1048 3679 practerea
1076 3591 1151 3659 Gai-

259 3712 319 3781 lius
341 3714 434 3780 aiiert
454 3716 613 3783 Herodoti
634 3716 739 3781 locum
761 3716 818 3795 Vl,
841 3718 914 3796 107,
934 3718 969 3782 in
991 3736 1032 3791 en
1055 3717 1152 3801 Acyt-
