3067 4575
368 773 434 816 ται.
462 751 522 816 τοῦ
543 749 577 816 δὲ
600 751 720 836 θέρεος
740 747 762 830 ἡ
788 745 870 835 zado
891 748 913 830 ἡ
935 755 972 816 ἐν
991 751 1039 833 τῷ
1058 752 1193 836 χειμῶνι
1212 771 1271 814 πε-

369 876 490 952 σοῦσα,
524 876 624 940 ἐοῦσα
652 870 868 964 ἀμφιλαφής,
901 876 1064 958 τηκομένη
1097 867 1273 938 πάντοθεν

369 996 492 1062 ἐσδιδοῖ
520 992 553 1072 ἐς
579 990 640 1062 τὸν
661 989 802 1078 Ἴστρον.
857 998 896 1062 ln
931 996 1046 1083 quibus
1075 1000 1135 1062 etsi
1162 999 1272 1060 insunt

369 1140 387 1180 a
416 1119 529 1204 quibus
558 1131 669 1185 noster
695 1118 877 1205 dissentiat,
903 1122 937 1184 in
959 1122 1141 1185 universnm
1163 1128 1271 1184 tamen

368 1263 505 1306 summus
528 1254 577 1308 est
598 1242 762 1309 amborum
786 1263 971 1308 consensus.

680 1455 736 1517 Vs.
762 1455 826 1518 789
844 1491 882 1504 —
900 1457 953 1520 91.

412 1609 525 1688 Πεύκη
549 1611 583 1674 δὲ
605 1611 733 1694 λέγεται
754 1605 811 1675 διὰ
832 1604 872 1676 τὸ
893 1611 1035 1691 πλῆθος·
1049 1601 1096 1676 ὧν
1117 1613 1181 1695 ἔχει

412 1733 553 1797 πεακῶν·
575 1729 643 1815 μετ’
665 1725 770 1812 αὐτὴν
791 1729 862 1798 εἶτα
884 1735 1010 1817 πλαγία
1029 1738 1159 1818 κειμένη

354 1835 358 1844 ¹
414 1855 581 1939 Ἀχιλλέως
606 1855 716 1934 νῆσος.

367 1979 413 2042 Ita
437 1981 490 2063 qui
512 1977 592 2041 haec
613 1981 809 2064 scripserunt
821 1977 1043 2044 Boissonadns
1064 1997 1199 2064 eumque
1218 1999 1269 2042 so·

369 2104 457 2187 qunti
485 2101 668 2166 Letronnus
699 2115 731 2166 et
760 2101 939 2181 Fabricius,
968 2122 1036 2166 non
1063 2100 1270 2167 attenderunt

367 2235 454 2289 recte
482 2222 608 2310 quIdom
639 2224 702 2291 dioi
725 2220 795 2291 εἶτα
816 2219 901 2311 μετὰ
924 2227 1044 2305 ταῦτα,
1072 2246 1140 2291 non
1161 2234 1269 2290 antem

367 2342 449 2431 μετὰ
471 2348 577 2413 ταῦτα
600 2345 678 2415 εἶτα.
706 2350 787 2415 Nec
807 2352 943 2433 πλαγία,
964 2352 1053 2415 ouius
1074 2348 1151 2415 Ioco
1165 2347 1267 2436 vulgo

367 2470 508 2554 πελαγία
534 2470 663 2559 legitur,
691 2484 778 2537 recte
800 2475 950 2559 scriptum
971 2482 1061 2557 puto.
1112 2472 1268 2537 Nimirum

367 2592 554 2682 cogitabant
581 2598 641 2657 viri
670 2594 843 2659 doctissimi
871 2593 913 2659 do
941 2593 1041 2659 altera
1063 2593 1195 2659 AdiiIIis
1219 2599 1268 2659 io-

367 2715 445 2792 suIn,
466 2714 626 2801 plerisque
647 2714 814 2801 Ἀχιλλέως
835 2714 958 2804 δρόμος
979 2717 1079 2798 dioto,
1099 2740 1182 2805 qnae
1203 2721 1268 2783 exi·

366 2860 432 2927 guo
468 2837 638 2903 intervallo
674 2862 691 2903 a
723 2843 817 2905 maris
844 2838 942 2907 litore
976 2840 1112 2907 discreto
1141 2839 1268 2907 borean

366 2963 463 3027 Ponti
479 2982 555 3027 orne
571 2961 755 3029 obtenditur
777 2963 977 3050 adsormom
987 2966 1098 3050 gladii
1111 2969 1148 3031 in
1158 2977 1268 3031 trone-

364 3106 493 3151 omnm
508 3098 674 3171 porrecta,
697 3098 733 3152 ut
754 3086 850 3153 Plinii
870 3087 977 3154 verbis
1000 3100 1071 3153 utar
1091 3089 1174 3153 Hist.
1190 3079 1265 3153 Not

364 3209 423 3288 IV,
446 3211 496 3288 12,
518 3210 570 3273 26.
604 3210 760 3297 scymnus
782 3222 887 3277 antem
910 3211 952 3277 do
965 3212 1074 3277 Leuce
1091 3210 1195 3277 insula
1216 3210 1268 3276 Io-

365 3334 486 3417 quitur,
515 3334 760 3419 quingentorum
789 3334 843 3399 vel
871 3332 1177 3422 quadringentorum
1204 3345 1266 3399 sto-

365 3452 489 3519 diorum
518 3456 623 3541 spatio
653 3455 692 3521 ab
714 3458 789 3522 Istri
817 3461 906 3523 ostiis
928 3456 1039 3523 diviso.
1089 3458 1173 3523 Hinc
1194 3478 1265 3522 enm

363 3576 524 3660 πελαγίαν
546 3577 686 3665 appellnt
708 3591 741 3645 et
755 3582 881 3645 Peucon
901 3579 1026 3645 insulso
1046 3583 1082 3645 in
1097 3583 1177 3667 Ipsis
1190 3580 1266 3647 lstri

363 3701 452 3765 ostiis
480 3701 564 3790 sitas
595 3706 741 3789 opponit.
798 3700 866 3769 cn.
893 3701 1012 3770 Strabo
1038 3703 1117 3771 VIII
1143 3728 1175 3792 p.
1196 3705 1265 3773 383
