3067 4575
645 540 794 639 —13—

313 748 334 830 ἡ
356 751 378 815 ὃ
381 747 388 770 ¹
403 746 585 819 Αἰθιόπων
606 752 742 831 πλείστη
759 749 826 817 ’στὶ
837 747 931 839 χώρα
943 754 1001 821 καὶ
1014 752 1168 820 Σκυθῶν

312 876 452 959 ἐρημίαν
473 876 593 959 ἐχουσα
614 876 784 954 πλείστην,
807 866 862 939 διὰ
883 868 922 939 τό
944 879 1000 941 καί

310 991 354 1061 τῶ
367 999 427 1081 μὲν
441 994 556 1084 ἔμπυρ’
572 994 656 1063 εἶναι
668 995 799 1080 μᾶλλον
813 990 979 1062 αὐτῶνκαὶ
993 996 1022 1063 δ’
1038 1003 1165 1088 ἐνυηρα.

268 1152 414 1239 Quorum
436 1174 584 1219 versuum
614 1156 717 1239 primo
745 1153 881 1232 πλείστη
900 1150 967 1217 ’στί
992 1158 1168 1244 apographi

267 1276 404 1342 Palatini
426 1280 580 1364 scriptura
603 1286 659 1355 est,
681 1298 777 1361 quum
800 1273 900 1339 codex
922 1274 1037 1342 habeat
1056 1280 1168 1343 πλεῖον

267 1403 346 1465 ἐστί.
381 1399 419 1464 Id
442 1420 505 1484 quo
528 1398 626 1463 modo
650 1397 880 1464 emendandum
895 1400 937 1463 sit
951 1397 1047 1464 docet
1063 1399 1169 1486 Epho-

266 1542 321 1586 rus
351 1521 436 1607 apud
458 1520 607 1592 Cosmam
632 1520 813 1591 Ι.1.,ίστιν
841 1523 901 1605 μὲν
931 1511 990 1587 οὖν
1015 1518 1074 1588 οὐκ
1095 1520 1169 1589 λ’σον

268 1648 407 1710 ἐκαστον
436 1644 501 1709 τῶν
522 1646 642 1733 μερῶν·
672 1637 759 1709 ἀλλὰ
787 1637 825 1709 τό
847 1645 907 1729 μὲν
928 1646 994 1709 τῶν
1016 1642 1169 1711 Σκυθῶν

268 1769 324 1832 καὶ
345 1767 410 1831 τῶν
431 1762 613 1832 Αἰθιόπων
635 1766 754 1853 μεῖζον,
777 1761 815 1832 τὸ
839 1766 873 1831 δέ
895 1768 960 1831 τῶν
978 1764 1091 1833 Ἰνδῶν
1112 1770 1169 1835 καί

266 1890 332 1955 τῶν
353 1890 488 1955 Κελτῶν
510 1890 660 1970 ἔλαττον,
682 1893 738 1955 καί
760 1884 995 1974 παραπλήσιον
1014 1886 1168 1976 ἑκάτερον
1257 1882 1262 1893 ’

267 2008 421 2093 ἀλλήλοις
442 2014 505 2100 ἔχει
526 2016 587 2078 τοῦ
607 2009 712 2078 τόπου
732 2004 771 2077 τό
786 2014 940 2096 μέγεθος.
975 2010 1068 2077 Adde
1084 2012 1168 2077 Stra-

266 2134 383 2200 bonem
406 2136 421 2200 1
444 2159 473 2221 p.
491 2136 534 2200 59
556 2136 763 2221 προστίθησι
779 2136 813 2199 δὲ
834 2136 1010 2220 (Ephorus)
1033 2130 1084 2200 ὅτι
1098 2138 1168 2219 μεί-

267 2258 330 2337 ζων
362 2255 384 2338 η
413 2259 583 2324 Αίθιυπία
618 2258 674 2324 καὶ
709 2260 774 2339 (ita
802 2256 942 2324 Marxius
974 2278 1035 2345 pro
1070 2250 1112 2339 ἢ)
1146 2256 1167 2339 ἡ

267 2378 420 2444 Σκυθία.
473 2382 583 2469 Itaque
607 2380 808 2446 scribendum
830 2380 957 2446 videtur
978 2381 1088 2467 paullo
1112 2380 1168 2447 du·

267 2505 353 2568 riore
376 2502 501 2590 quidem
525 2515 558 2568 et
580 2525 690 2590 parum
713 2503 861 2592 eleganti‚'
885 2503 1047 2590 aScymni
1064 2515 1168 2571 autem

267 2647 329 2691 usu
351 2646 418 2690 non
441 2625 545 2691 aliena
566 2627 737 2692 verborum
760 2630 919 2693 iunctura:

312 2781 332 2863 ἡ
357 2780 386 2848 θ’
402 2779 584 2851 Αἰθιόπων
599 2779 708 2850 πλέον’
727 2787 798 2850 ἐστὶ
816 2781 929 2871 χώραν
945 2786 1002 2848 καὶ
1017 2781 1168 2846 Σκυθῶν

311 2909 451 2992 ἐρημίαν
474 2902 503 2972 δ’
523 2909 642 2994 ἔχουσα
663 2909 882 2990 πλείστην-

267 3069 288 3130 i.
313 3088 341 3130 α.
363 3062 386 3148 ἡ
408 3061 439 3130 δ’
457 3059 640 3132 Αίθιόπων
661 3067 718 3131 καὶ
740 3063 893 3130 Σκυθῶν
915 3062 1038 3128 πλέονα
1057 3057 1169 3147 χώραν

267 3189 339 3274 ἐχιι,
361 3191 501 3276 ἐρημίαν
527 3188 562 3254 δέ
582 3187 749 3267 πλείστην.
791 3187 898 3250 Versu
920 3187 1016 3250 tertio
1037 3193 1169 3271 propter

185 3351 192 3364 ·
268 3313 396 3398 ἐμπυρα
417 3311 523 3380 malim
545 3310 664 3396 ἐνυδρα
686 3307 781 3376 scribi
805 3331 897 3396 quam
915 3310 1046 3396 ίνυηρα.
1153 3347 1158 3366 ι

568 3544 625 3605 Vs.
651 3540 715 3606 182
733 3577 772 3591 -
791 3541 864 3606 184.

255 3787 259 3792 .
315 3697 471 3784 Χρῶνται
492 3697 527 3764 δέ
550 3697 671 3764 Κελτοὶ
693 3707 763 3772 τοῖς
785 3697 899 3762 ίθισιν
921 3694 1106 3774 ἐλληνικσῖς,
