3067 4575
633 548 782 647 —2-9-

257 754 322 822 vol.
338 756 384 821 111
405 781 437 843 p.
452 759 494 823 81
520 757 637 834 allatis3
660 756 718 821 sed
735 756 934 822 scribendum
952 759 1078 825 videtur
1099 763 1157 841 τίς,

257 878 343 965 quod
370 892 498 966 praeter
525 880 606 945 alios
639 880 782 944 similiter
805 885 986 965 postposuit
1012 882 1154 947 Philemo

256 1000 349 1067 Com.
372 1003 487 1068 Graeu
510 1004 560 1067 IV
581 1003 652 1090 μθ
681 999 809 1067 ὁλκεῖον
832 996 919 1066 εἶδον
941 1005 993 1067 ἐπὶ
1015 1008 1155 1095 τραπέζῃ

255 1127 403 1209 κείμενον
424 1126 535 1210 πυρῶν
556 1148 587 1189 τι
609 1120 739 1206 μεστόν.
775 1126 937 1209 Expressit
960 1135 1062 1189 arrtem
1078 1124 1156 1211 Scy-

254 1268 346 1313 mnus
372 1246 606 1332 Apollodorum
635 1246 721 1332 apud
749 1246 944 1332 Stephanum
966 1247 1047 1332 Byz.
1077 1268 1101 1309 s.
1125 1270 1155 1310 v.

250 1365 376 1446 Ὑλλεῖς
398 1393 429 1455 ρ.
446 1372 526 1449 289,
549 1372 602 1435 19.
787 1358 791 1369 “

294 1488 404 1567 Ὑλλλς
425 1486 593 1579 πρόκειται
610 1487 811 1578 χερρόνησος
832 1488 928 1572 ἡλίκη

297 1608 443 1697 μάλιστα
463 1610 737 1694 Πελοπόννησος,
759 1609 803 1691 ὥς
826 1616 931 1704 φασίν
953 1636 1045 1691 τινες,

787 1736 1021 1801 πεντεκαίδεκα

295 1853 405 1935 πόλεις
427 1860 547 1943 έχονσα
567 1861 794 1945 παμμεγέθεις
817 1861 1017 1943 οἰκουμένας.

252 1980 300 2045 lte
329 1984 411 2045 enim
440 1982 520 2047 haec
548 1980 746 2047 emendanda
776 1994 863 2061 sunt,
892 2002 959 2046 non
989 1992 1025 2046 ut
1051 1978 1155 2069 voluit

251 2104 397 2191 Heynius
420 2103 461 2169 ad
483 2105 721 2193 Apollodorum
742 2104 837 2170 vol.1
859 2128 890 2190 p.
908 2106 982 2169 434.

584 2319 641 2382 Vs.
665 2319 729 2381 417
753 2339 821 2402 sqq.

806 2472 878 2538 Καὶ
899 2465 942 2536 τοί
964 2475 1024 2554 μέν

296 2588 405 2657 αὐτῶν
425 2603 588 2656 κατοικεῖν
608 2589 670 2674 τὴν
690 2590 862 2679 μεσόγειον
883 2591 1055 2678 νεμόμενα,

294 2708 338 2778 τὰ
361 2714 396 2778 δέ
418 2707 479 2792 τὴν
500 2711 665 2800 παράλιον
686 2711 780 2793 έντὸς
801 2719 923 2802 ἐπέχειν
944 2715 1082 2800 Ἀδρίου.

250 2837 359 2901 Versu
387 2835 500 2902 ultimo
528 2838 710 2904 revocanda
736 2839 854 2904 codicis
884 2841 1038 2924 scriptura
1064 2831 1086 2900 ὀί
1109 2836 1153 2914 δέ,

251 2982 344 3046 quam
366 2970 454 3025 recte
476 2960 594 3025 habere
617 2961 713 3026 docet
733 2984 779 3027 vs.
796 2963 859 3025 421
876 2983 922 3046 sq.
944 2953 1019 3024 τινὰ
1041 2958 1075 3024 δέ
1097 2957 1154 3024 καὶ

250 3086 457 3169 μοναρχίαις,
476 3078 499 3148 ολ
515 3082 543 3148 δ’
561 3080 833 3168 αὐτονομεῖσθαι.
862 3082 948 3148 Vide
964 3082 1005 3147 ud
1020 3103 1065 3146 vs.
1077 3082 1150 3145 900.

251 3206 356 3291 Atque
385 3209 427 3271 ita
451 3210 565 3293 passim
589 3206 675 3291 apud
697 3208 854 3291 sequioris
884 3209 995 3270 aetatis
1018 3207 1152 3291 scripto-

250 3350 303 3392 res
324 3327 400 3394 inde
423 3351 441 3392 a
464 3327 660 3413 temporibus
682 3349 789 3392 novae
812 3328 1007 3394 comoediae.
1057 3329 1151 3391 Prae-

251 3460 339 3514 terea
371 3449 542 3538 legendum
571 3450 698 3516 videtur
731 3452 910 3544 παραλίαν.
965 3452 1150 3516 Promiscue

252 3571 378 3658 quidem
399 3585 510 3639 noster
531 3570 693 3663 παράλιος
708 3585 741 3640 et
754 3578 904 3664 παραλία
927 3573 1003 3640 dixit
1024 3572 1080 3637 ubi
1096 3571 1150 3636 ad·

251 3697 399 3760 iectivum
421 3708 482 3776 ost,
505 3707 538 3761 at
559 3696 601 3762 de
622 3697 729 3762 littore
753 3707 937 3762 constanter
958 3697 1116 3784 trapezita.
