3067 4575
822 538 843 610 6

757 630 907 643 -1—2·

426 746 512 820 κατὰ
533 748 635 837 λόγον
654 745 723 833 ἥκω
744 744 828 839 πρὸς
850 754 902 817 ot·
923 744 1038 832 κοινὴν
1057 744 1122 839 γὰρ
1146 742 1263 836 σχεδόν

425 883 498 953 τοῖς
519 851 771 967 φάομαθοῦσιν
793 870 1004 959 ἀναδέδειχας
1025 874 1147 941 ἑστίαν.

383 1001 506 1067 Horum
533 1019 682 1063 versuum
710 1000 813 1084 primo
842 1004 977 1084 propter
997 996 1186 1063 πείθεσθαι
1213 1014 1285 1061 curn

383 1120 525 1189 secundo
554 1142 632 1187 casu
651 1123 855 1186 coniunctum
884 1122 931 1185 uti
960 1128 1111 1207 poterant
1131 1120 1286 1207 interpre-

384 1256 433 1311 tes
446 1242 608 1309 Herodoti
628 1243 652 1322 1,
669 1244 744 1309 loo.
777 1243 949 1330 Sequentia
973 1244 1032 1309 etsi
1054 1252 1089 1309 ut
1110 1262 1196 1307 nunc
1211 1244 1286 1307 scri-

383 1378 439 1454 pta
465 1365 641 1433 suntnihil
662 1366 837 1433 habentin
860 1387 925 1453 quo
947 1368 1018 1431 iure
1041 1363 1202 1445 offendas,
1229 1363 1286 1429 du·

382 1488 454 1555 bito
480 1501 586 1555 tamen
608 1510 650 1553 an
672 1488 764 1554 aliter
785 1498 883 1575 poeta
912 1491 1087 1575 scripserit;
1116 1492 1151 1553 in
1173 1486 1286 1553 codice

384 1614 468 1677 enim
498 1610 554 1677 illa
582 1612 646 1678 hoc
676 1612 791 1677 ordine
818 1613 992 1698 perscripta
1022 1620 1110 1675 sunt:
1137 1604 1221 1697 πρὸς
1248 1632 1286 1677 σε

384 1726 470 1797 κατὰ
498 1728 599 1818 λόγον
625 1730 703 1815 ἥκω.
753 1735 835 1799 Eum
864 1732 1009 1798 ordinem
1037 1735 1156 1819 primus
1178 1736 1286 1799 imrnu

384 1858 465 1921 tavit
485 1856 590 1922 scriba
612 1858 788 1947 apographi
810 1854 961 1934 Palatini,
990 1853 1077 1943 quod
1101 1877 1177 1921 num
1198 1864 1287 1921 recte

384 1978 503 2045 factum
530 1982 572 2045 sit
592 1988 765 2067 propterea
795 1978 1001 2045 dubitandum
1029 1978 1171 2059 videtur,
1200 1977 1287 2066 quod

384 2105 420 2167 in
447 2101 575 2182 codice,
602 2106 630 2167 si
658 2112 799 2169 totorum
827 2124 974 2167 versuum
1004 2112 1036 2168 et
1064 2102 1287 2189 particularum

387 2224 422 2290 δέ
451 2236 484 2291 et
504 2227 539 2292 ct
561 2228 766 2294 traiectiones
789 2227 940 2314 excipias,
966 2246 1009 2292 ne
1036 2246 1133 2292 unum
1159 2222 1288 2315 quidem

385 2352 649 2434 transpositorum
671 2350 843 2416 verborum
866 2349 1040 2438 exemplum
1054 2352 1205 2439 reperias.
1227 2369 1289 2414 nec

387 2469 429 2536 de
450 2471 553 2537 nihilo
576 2484 625 2538 est
646 2473 733 2560 quod
755 2493 792 2538 σε
814 2482 946 2539 accentu
963 2483 1057 2554 caret,
1079 2472 1113 2539 id
1129 2470 1216 2559 quod
1232 2470 1289 2538 ob-

387 2605 534 2660 servante
561 2595 691 2662 Millero
719 2599 754 2662 in
782 2596 846 2661 hoc
871 2595 997 2684 quidem
1026 2595 1139 2662 codice
1166 2603 1288 2660 certum

388 2727 438 2780 est
459 2717 663 2804 corruptelae
679 2718 843 2785 indicium:
878 2721 936 2794 llis
958 2722 986 2785 si
1008 2717 1168 2784 addideris
1189 2717 1288 2784 verba

386 2831 471 2924 πρὸς
492 2840 528 2904 σὲ
548 2840 634 2906 haud
656 2841 751 2907 dubie
774 2846 877 2930 aptius
899 2845 933 2908 in
955 2844 1047 2907 initio
1066 2861 1159 2928 quam
1173 2843 1207 2906 in
1222 2839 1288 2906 fine

387 2963 476 3046 poni,
497 2983 564 3028 non
586 2963 669 3029 male
692 2965 799 3030 lorsan
823 2967 997 3031 coniecisse
1016 2963 1166 3030 videbor:

430 3085 514 3171 πρὸς
536 3080 599 3165 σὴν
620 3081 706 3152 κατὰ
727 3083 828 3172 λόγον
849 3079 915 3169 ἦκα
936 3081 1063 3170 (κοινὴν
1084 3081 1149 3172 γὰρ
1172 3082 1290 3172 σχεδόν

430 3214 503 3283 τοῖς
523 3209 776 3296 φιλομαθοῦσιν
799 3207 1030 3298 ἀναδέδειχας)
1053 3211 1174 3275 ἑστίαν.

304 3315 308 3321 ’
388 3329 567 3396 Perfectum
596 3321 676 3410 ἦκα,
704 3330 745 3425 de
773 3353 836 3418 quo
859 3332 1057 3398 Lobeclrium
1087 3331 1127 3398 ad
1156 3333 1291 3418 Phryni-

388 3454 480 3519 chum
502 3476 533 3540 p.
552 3455 613 3518 741
639 3453 783 3518 attulisse
803 3454 948 3535 sufficiat,
971 3480 988 3521 a
1004 3457 1135 3543 Scymni
1149 3478 1209 3522 usu
1223 3476 1291 3546 non

388 3579 488 3663 magis
504 3575 642 3641 alienum
653 3576 756 3642 videri
772 3577 867 3643 debet
878 3601 969 3664 quam
981 3579 1176 3645 hellenistica
1189 3580 1291 3644 forma

389 3698 531 3783 ἕσχοσαν
553 3722 615 3786 qua
637 3721 713 3766 usus
736 3711 784 3766 est
805 3723 851 3766 vs.
867 3703 941 3768 695.
