3067 4575
807 519 850 590 66

240 710 246 726 ’
310 813 313 817 .
377 739 410 799 in
445 744 533 799 tanta
561 743 703 799 veterum
734 730 1029 820 chorographorum
1063 731 1185 795 iactura
1212 752 1280 797 non

378 855 660 934 contemnendum,
690 859 808 943 quippe
835 852 920 918 haud
949 875 1052 939 panea
1079 852 1280 941 complexum

377 978 506 1045 aliunde
527 999 595 1044 non
617 981 756 1066 cognita.
799 977 837 1042 In
859 978 988 1041 metrica
1009 985 1078 1040 arte
1099 977 1280 1063 Dionysius

377 1103 518 1189 Scymno
539 1102 642 1168 multo
667 1113 714 1167 est
736 1101 879 1179 inferior,
901 1121 963 1164 nee
983 1108 1089 1164 tanen
1108 1110 1173 1164 tarn
1196 1122 1281 1165 eras

376 1247 431 1290 sae
459 1227 602 1290 inscitiae
630 1246 717 1304 reus,
746 1235 783 1290 ut
811 1227 850 1288 iis
877 1221 1113 1293 assentiendum
1140 1227 1195 1300 ait,
1225 1227 1282 1310 qni

377 1371 482 1435 neque
504 1349 675 1458 verberum
704 1369 882 1412 mensuram
908 1367 1013 1432 neque
1036 1348 1169 1411 trimetri
1191 1346 1281 1434 leges

376 1473 465 1537 iilum
488 1476 628 1538 tenuisse
651 1473 854 1536 iniustissime
876 1468 978 1534 dicam
993 1489 1035 1532 an
1049 1471 1282 1554 imperitissime

378 1598 591 1659 criminantur.
633 1595 701 1660 lrno
725 1596 801 1659 satis
823 1614 949 1657 severas
972 1591 1063 1679 leges
1085 1595 1179 1659 etiarn
1200 1593 1282 1658 Dio·
1335 1620 1344 1638 s

377 1721 504 1803 nysium
534 1730 700 1804 sequutum
736 1737 807 1782 esse
835 1717 992 1779 neminem
1025 1715 1140 1804 fugere
1166 1726 1283 1802 potest,

378 1844 432 1926 qui
453 1840 507 1906 vel
536 1840 670 1927 aliquam
692 1841 803 1904 harrrm
825 1856 931 1904 rerum
954 1841 1110 1904 rationem
1137 1849 1170 1903 et
1190 1860 1282 1904 usum

378 1963 502 2030 habeat.

725 2087 784 2148 Vs.
808 2087 887 2150 l·-
902 2087 934 2150 4.

423 2204 486 2276 Διὰ
500 2204 633 2287 παντός,
656 2200 682 2272 ὦ
697 2203 901 2296 &stirpenses
922 2202 1080 2295 καθάπερ
1096 2201 1204 2273 οἶσθα
1219 2202 1269 2285 σύ,

424 2328 509 2397 ἴδιόν
529 2354 563 2396 τι
583 2328 737 2397 πλάττων
758 2328 851 2416 κούχὶ
872 2325 933 2397 τὸν
953 2334 1072 2418 ἑτέρων
1094 2326 1209 2407 πόνον,-

424 2427 504 2540 triu>
527 2457 607 2520 ἔνιοι
627 2452 771 2533 newis,
792 2455 937 2538 ἐμαυτοῦ
956 2456 1141 2539 τιθέμενος,

424 2580 496 2643 νυνὶ
517 2572 689 2664 πεπόρηκα
711 2571 773 2658 τὴν
794 2573 931 2644 ἅπασαν
948 2572 1101 2643 Ἑλλάδα.

380 2702 526 2787 Quorum
542 2722 690 2766 versuum
705 2710 870 2787 postremo
885 2724 981 2787 quum
998 2697 1211 2767 casaubonus
1225 2722 1284 2767 us·

340 2841 348 2855 ⁸
379 2821 515 2914 πόρικα,
545 2824 727 2911 Stephanus
757 2834 860 2889 autem
888 2818 1059 2903 πεπόνηκα
1081 2822 1285 2889 scribendum

380 2951 572 3026 censuisset,
600 2951 714 3013 merito
748 2948 828 3012 haee
855 2949 968 3011 reiecit
994 2947 1191 3025 Letronnus,
1220 2950 1285 3034 qui,

381 3074 407 3134 si
430 3082 516 3136 recte
540 3074 608 3136 eius
629 3071 727 3137 verba
749 3074 950 3157 interpretor,
972 3068 1093 3135 editum
1113 3066 1286 3157 πεπόρηκα

380 3172 423 3257 itu
453 3204 574 3271 tuetur,
607 3206 642 3259 ut
659 3192 997 3277 ‘nupsiudeelarandi
1024 3191 1079 3257 vel
1107 3190 1287 3298 explicandi
1394 3229 1396 3296 ἑ

381 3314 647 3403 significationem
662 3315 780 3381 habere
795 3316 973 3381 arbitretur.
1005 3314 1044 3381 ld
1057 3336 1154 3381 nemo
1168 3338 1287 3405 graece

381 3442 485 3504 sciens
500 3440 570 3503 viro
595 3438 779 3503 doctissimo
803 3437 968 3517 consedet,
988 3460 1050 3505 nee
1067 3438 1198 3505 dubium
1213 3460 1288 3505 esse

381 3572 506 3649 potest,
535 3564 612 3648 quin
639 3563 820 3648 Dionysius
848 3565 1011 3649 scripserit
1037 3563 1098 3627 νῦν
1124 3557 1289 3649 ἱστόρηκα

381 3681 445 3762 τὴν
465 3679 604 3771 ἅπασαν
621 3656 776 3751 Ἑλλάδα.
