3067 4575
760 570 811 617 m
916 534 918 547 .

711 643 862 653 ψ

382 761 566 865 turtulas
580 757 655 837 ἀπὸ
681 768 756 837 τῶν
777 764 954 863 ἑσπερίων
973 752 1085 851 οὗτος
1102 758 1236 852 τόπων,

383 890 452 997 τὴν
475 890 629 995 ἐκβολὴν
651 904 758 970 πέντε
784 888 946 992 στόμασι
970 889 1200 994 ποιούμενος.

333 1029 419 1103 haec
447 1033 549 1129 igitru
577 1021 773 1104 Hnlstenius
805 1056 883 1101 cum
910 1027 1122 1131 Scymnianis
1149 1032 1239 1129 apud

333 1163 542 1235 scholiastam
555 1164 600 1235 ita
614 1162 794 1235 conciliare
807 1174 947 1235 conatus
960 1174 1021 1251 est,
1037 1176 1075 1237 ut
1084 1190 1147 1263 prn
1161 1156 1236 1236 ἀπὸ

332 1286 471 1396 ἐρήμου
496 1295 711 1370 scribendum
737 1320 815 1369 esse
832 1298 1015 1370 coniiceret
1036 1289 1113 1370 ἀπὸ
1132 1303 1237 1371 ἑσπέ-

331 1450 414 1527 ρου;
441 1454 583 1527 eamque
608 1426 876 1501 emendationem
898 1432 996 1503 etiam
1013 1430 1236 1503 necessariam

331 1585 409 1632 esse
434 1562 600 1633 existimat
629 1572 771 1657 propter
796 1558 986 1633 Callimachi
1010 1564 1236 1635 testimonium

273 1736 283 1747 ·
331 1690 376 1764 de
400 1694 466 1764 situ
482 1694 644 1764 montium
664 1689 902 1789 Rhipueurum.
929 1696 1020 1792 atqui
1046 1692 1236 1765 Callimachi

329 1846 464 1897 versum
496 1824 623 1897 scholia
646 1822 794 1908 Parisina
826 1850 894 1896 nnn
927 1850 970 1899 eo
998 1825 1077 1897 loco
1101 1824 1236 1911 habent,

330 1977 398 2056 quo
422 1956 572 2031 ineditis
590 1958 722 2057 legitur,
747 1956 809 2031 sed
832 1958 875 2030 ad
898 1982 947 2029 vs.
965 1958 1049 2046 287,
1075 1980 1143 2055 quo
1160 1960 1236 2056 ipso

328 2089 406 2163 loco
421 2087 620 2190 Apollonius
636 2068 810 2190 Rhipaeos
835 2102 968 2163 montes
986 2102 1234 2163 commemorat.

328 2226 463 2297 omnino
488 2237 599 2298 autem
623 2222 820 2299 Holstenius
851 2251 870 2298 a
898 2234 1011 2298 mente
1036 2223 1235 2298 scholiastae

327 2358 509 2446 aberravit,
545 2362 603 2458 qui
632 2384 701 2432 non
731 2359 799 2431 hoc
837 2356 952 2430 dicere
984 2356 1107 2444 voluit,
1146 2357 1236 2456 apud

326 2486 541 2587 Apollonium
565 2486 686 2563 latrum
704 2517 724 2563 c
745 2489 1064 2589 septentrionalibus
1087 2493 1235 2589 regioni-

326 2622 395 2695 bus
420 2624 514 2708 0riri‚
543 2622 633 2720 apud
658 2620 843 2722 Scymnum
869 2635 981 2696 autem
1007 2637 1051 2696 e'x
1076 2621 1234 2696 occiden-

325 2753 463 2841 talibus,
494 2753 557 2826 sed
586 2754 654 2826 hoc
683 2757 813 2852 potius,
843 2753 1014 2854 Apollonii
1047 2753 1167 2828 Istrum
1199 2758 1234 2826 in

327 2883 528 2985 Scytharum
554 2900 590 2961 et
606 2884 777 2960 Thracum
802 2889 952 2961 conliniis
977 2890 1011 2960 in
1037 2886 1105 2962 duo
1126 2885 1233 2960 scindi

324 3016 469 3105 flumina,
494 3045 636 3119 quonam
662 3022 802 3095 alterum
819 3025 853 3094 in
869 3019 1077 3094 Adriaticum
1094 3021 1234 3094 alterum

324 3150 359 3221 in
390 3143 637 3251 Tyrrhenicum
672 3181 765 3229 mare
804 3154 883 3250 (εἰς
920 3145 990 3253 τὴν
1019 3149 1111 3226 καθ’
1134 3153 1234 3254 ἡμᾶς

323 3273 545 3379 θάλασσαν)
584 3285 723 3373 ellimdi,
769 3286 858 3383 apud
896 3285 1083 3387 Scymhum
1122 3301 1233 3361 autem

323 3411 443 3488 Istrum
469 3408 585 3491 αὐτὸν
608 3408 733 3512 μόνον,
758 3420 779 3488 i.
799 3443 827 3490 e.
855 3421 1047 3493 continuum
1063 3447 1176 3520 neque
1198 3423 1233 3492 in

323 3549 419 3647 plura
442 3549 578 3623 flumina
603 3549 797 3638 discretum,
823 3577 843 3622 e
869 3551 1012 3624 desertis
1037 3522 1233 3652 regionibus
1314 3550 1321 3557 ⁴

324 3680 457 3755 deferri.
483 3683 550 3756 hoc
575 3695 685 3756 autem
711 3685 740 3755 si
765 3681 936 3785 Scymnus
961 3685 1055 3776 dixit,
1080 3697 1231 3784 apertum
