3067 4575
713 565 772 607 xm

668 632 819 643 —-—-

291 768 345 829 ert
366 755 468 853 longe
492 754 589 827 aliam
620 754 664 827 de
686 750 764 827 lutri
789 780 890 827 cursu
914 757 1113 829 sententiam
1138 782 1195 831 se·

290 900 429 988 quntum
460 912 538 961 erse
569 888 767 985 scriptorem
799 884 1039 985 Periegeseor,
1071 892 1128 989 qui
1160 903 1196 965 et

289 1048 390 1095 versu
405 1020 490 1107 664,
515 1018 559 1095 de
578 1045 647 1118 qno
663 1018 848 1091 Comment
874 1046 907 1115 p.
925 1023 971 1093 16
990 1021 1194 1111 dictumest,

290 1168 325 1228 et
349 1180 393 1229 eo
424 1157 516 1251 ipro,
547 1151 593 1223 de
618 1178 686 1249 quo
710 1149 906 1223 Hnlstenius
935 1150 1085 1241 disserit,
1116 1156 1193 1229 loeo

290 1288 371 1359 satir
395 1284 552 1371 ostendit,
578 1308 616 1356 se
642 1282 783 1356 eundem
810 1309 908 1383 quam
926 1281 1125 1382 Apollonius
1150 1287 1194 1361 de

289 1416 375 1491 lrtro
407 1421 442 1489 in
471 1416 567 1515 plura
596 1415 730 1488 flumina
767 1416 875 1505 diviso
907 1420 1103 1491 sententiam
1138 1444 1194 1493 se·

290 1562 430 1649 quntum
456 1574 549 1637 esse3
573 1575 660 1648 quae
684 1576 741 1623 rer
767 1552 866 1623 etiam
883 1550 1003 1621 elarius
1027 1550 1193 1649 intellige-

289 1693 392 1770 retur,
416 1684 445 1754 si
469 1683 601 1780 integer
624 1679 823 1780 Periegetae
847 1683 943 1755 locus
956 1695 1111 1799 pervetus
1138 1712 1193 1759 es-

289 1828 351 1904 set,
367 1818 508 1915 quinon
526 1814 664 1889 dubium
681 1827 734 1887 est
749 1818 830 1914 quin
847 1814 914 1889 hoe
927 1814 1057 1904 dixerit,
1073 1814 1193 1893 Istrum

288 1950 436 2049 quinque
460 1950 553 2020 ostiis
578 1950 613 2019 in
637 1945 791 2036 Pontum,
821 1947 954 2023 duobus
980 1962 1090 2023 autem
1114 1980 1192 2049 par-

287 2084 347 2155 tim
371 2085 406 2154 in
420 2079 628 2154 Adriaticum
643 2083 764 2179 partim
784 2083 821 2153 in
838 2079 1083 2181 Tyrrhenicum
1100 2110 1192 2157 mare

288 2214 422 2288 effimdi.
452 2216 566 2314 itaque
589 2240 659 2285 non
682 2224 809 2287 tanturn
838 2217 925 2288 inter
949 2215 1032 2314 περὶ
1056 2228 1091 2290 et
1115 2239 1191 2310 σχι-

290 2339 437 2441 ζόμενος
460 2347 514 2440 (v.
540 2345 717 2420 comment
739 2375 775 2446 p.
793 2348 875 2434 40),
899 2348 961 2420 sed
987 2351 1085 2422 etiam
1106 2352 1192 2424 inter

131 2566 132 2595 1
208 2503 212 2511 ’
291 2470 499 2574 σχιζόμενος
530 2490 564 2552 et
593 2479 655 2551 καὶ
684 2483 736 2567 εἰς
756 2476 904 2580 Ἀδρίαν
935 2482 1057 2580 aliquid
1089 2487 1191 2604 nmis·-

290 2639 364 2684 rum
385 2635 472 2683 eme
503 2613 654 2684 arbitror.
691 2612 745 2685 his
775 2613 962 2712 profligatis
992 2641 1191 2712 supervacn-

288 2771 390 2818 nenm
420 2769 498 2816 esse
527 2755 609 2841 puto
642 2745 796 2833 alteram,
828 2773 927 2846 quam
956 2745 1000 2818 de
1031 2747 1192 2820 librorum

288 2903 429 2950 numero
460 2878 566 2948 mouit
587 2874 798 2965 Meterius,
830 2877 1070 2952 dubitationem
1102 2879 1192 2952 reiu-

288 3023 362 3083 tare
392 3011 572 3107 copiosim.
604 3035 646 3080 ae
676 3012 891 3083 coniecturae
922 3012 984 3082 viri
1009 3009 1193 3084 doctissimi

288 3169 356 3214 non
379 3142 492 3216 favere
517 3141 729 3214 scholiastam
746 3140 940 3230 Parisinum‚
966 3144 1022 3242 qui
1044 3142 1129 3214 haec
1147 3147 1192 3216 ita

288 3277 413 3375 scripta
436 3274 574 3374 profert,
599 3277 639 3347 ἐν
662 3278 709 3379 τῇ
735 3300 771 3362 ις
796 3277 869 3348 τῶν
892 3275 975 3376 περὶ
998 3267 1192 3376 Εὐρώπης,

288 3413 352 3482 iam
379 3437 398 3481 a
422 3407 607 3482 Schaesero
631 3411 792 3482 monitum
818 3407 927 3482 video.
952 3435 1020 3480 non
1044 3436 1191 3506 negave-

288 3545 351 3614 rim
375 3555 487 3615 tamen
510 3544 544 3612 in
569 3569 708 3614 numero
727 3556 872 3616 erratum
893 3568 984 3615 esse:
1012 3544 1086 3642 quis
1103 3545 1191 3616 enim

289 3677 379 3748 serio
395 3676 468 3748 ¹eibi
492 3675 708 3773 persuadeat,
739 3675 841 3748 ullum
867 3699 1013 3773 unquam
1038 3688 1191 3752 vetemm
