3067 4575
680 579 723 648 49

252 787 348 871 διέχει
369 787 403 853 δὲ
426 789 485 854 τοῦ
506 782 672 870 στόματος
693 786 714 867 ἡ
737 788 839 866 νῆσος
861 784 1011 870 rislam}
1028 791 1155 876 δίαρμα

252 912 478 976 πεντακοσίων
493 911 644 988 σταδίων,
667 903 739 998 ἱερά
754 911 814 975 τοῦ
834 909 1008 994 Ἀχιλλέως,
1029 913 1154 977 ιιελα-

251 1035 328 1116 μία.
368 1033 420 1098 De
442 1044 576 1119 utraque
598 1031 702 1096 insula
725 1035 864 1119 copiose¹
879 1032 1026 1098 disseruit
1045 1035 1154 1100 Koeh·
1280 1104 1290 1123 Ι

251 1153 336 1220 lerus
372 1154 552 1222 Commene
586 1153 734 1219 Academ.
763 1154 929 1241 Petropol.
964 1156 1032 1247 vol.¹
1057 1159 1088 1221 X
1120 1182 1152 1244 p.

251 1279 314 1344 531
339 1300 384 1364 sq.
430 1279 586 1363 scymnus
608 1277 744 1342 fortasse
766 1280 812 1342 ita
834 1281 1017 1364 scripserat:
1102 1300 1105 1307 ’

294 1401 435 1467 ιιεοκῶν·
458 1397 565 1465 ἔπειθ’
585 1393 688 1476 ούτως
709 1397 780 1484 μετ’
800 1395 906 1480 αὐτὴν
926 1402 1068 1486 πελαγία

295 1521 460 1608 Ἀχιλλέως
482 1519 502 1604 ἡ
524 1517 627 1603 νῆσός
649 1526 716 1590 ἐστι
738 1527 878 1608 κειμένη.

252 1645 329 1732 Quo
353 1644 441 1711 ducit
461 1647 663 1732 Anonymus,
691 1646 777 1732 apud
800 1669 899 1733 quem·
914 1647 994 1711 haec
1015 1650 1060 1711 ita
1073 1669 1162 1734 per«.

252 1772 370 1856 scripta
392 1768 555 1857 leguntur:
585 1763 653 1833 εἶθ’
673 1763 775 1845 οὕτως
795 1767 866 1853 μετ’
886 1762 990 1849 αὐτὴν
1010 1770 1154 1852 πελαγία

250 1895 379 1975 κειμένη
401 1887 423 1971 ἡ
444 1893 663 1980 προειρημένη
678 1891 738 1956 τοῦ
757 1889 924 1977 Ἀχιλλέως
938 1892 1049 1971 νῆσος.
1087 1893 1152 1957 Pro

251 2009 353 2090 οὕτως
375 2023 478 2078 tamen
502 2011 590 2078 aliud
612 2017 761 2100 scriptum
785 2015 884 2080 fuisse
905 2013 1041 2080 videtur.

552 2226 609 2290 Vs.
633 2226 698 2293 804
716 2263 756 2276 -
775 2226 851 2293 806.

295 2376 392 2470 Πρὸς
414 2376 580 2458 ἀνατολάς
603 2379 633 2446 δ’
654 2378 788 2464 ἐκβάντι
808 2378 869 2449 τὸν
888 2383 1113 2469 Βορυσθένην

296 2497 373 2580 τοὺς
394 2494 456 2583 τήν
470 2506 647 2587 λεγομένην
663 2498 791 2588 Ὕβλαν
811 2506 983 2583 οἰκοῦντας
996 2500 1152 2583 Σκύθας,

296 2622 381 2692 εἶναι
403 2626 438 2691 δὲ
460 2620 623 2711 γεωργοὺς
644 2622 818 2712 ἐχομένους
838 2622 963 2694 τοιούτοιν
985 2622 1063 2693 άνω.

251 2750 358 2813 Primo
380 2770 474 2813 versu
496 2752 605 2815 nescio
630 2746 670 2815 en
687 2749 890 2816 scribendum
911 2753 953 2815 sit
973 2744 1056 2837 πρὸς
1070 2747 1154 2814 άνα-

252 2866 352 2949 τολάς
379 2866 548 2955 διαβάντι,
581 2882 616 2937 ut
645 2881 695 2937 est
730 2872 817 2959 apud
844 2871 1002 2937 Ηοτοδοέ
1030 2874 1086 2949 lv,
1111 2872 1154 2935 18

252 2988 339 3083 ἀτάρ
368 2990 523 3080 διαβάντι
550 2987 610 3059 τὸν
631 2994 854 3079 Βορυσθένεα
881 2987 950 3057 ἀπὸ
974 2988 1154 3074 θαλάσσης

251 3120 382 3206 πρῶτον
403 3120 463 3203 μὲν
484 3114 505 3199 ἡ
525 3114 657 3196 Ὑλαίη,
686 3110 753 3181 άπὸ
776 3118 812 3182 δέ
832 3111 955 3197 ταύτης
976 3109 1155 3202 ἄνθρωποι

253 3242 395 3305 οίκέονσι
407 3235 550 3306 Σκύθαι
571 3242 718 3328 γεωργοί,
741 3238 798 3303 ubi
819 3237 908 3325 quod
919 3237 1154 3304 Valckenarius

252 3384 313 3451 pro
336 3357 514 3450 άνθρωιτοι
535 3360 736 3427 scribendum
763 3364 903 3426 coniecit
922 3354 1000 3441 άνω,
1022 3362 1155 3448 Seymni

138 3558 139 3561 Ἴ
252 3485 328 3552 loco
353 3489 483 3575 egregie
504 3486 718 3551 confirmatur.
758 3486 841 3550 Tum
857 3479 985 3569 Ὕβλαν
1006 3487 1076 3550 sine
1097 3483 1154 3549 du-

253 3609 308 3675 bio
332 3621 515 3697 corruptum
539 3607 870 3694 est·scribendumque
884 3620 1058 3693 praeeunte
1069 3609 1155 3672 Vos-

254 3734 304 3799 εἰο
321 3726 470 3812 Ὕλαιαν,
493 3730 757 3819 quemadmodum
776 3734 838 3798 iste
860 3741 1013 3799 terrarum
1035 3739 1155 3796 tractus

933 3854 955 3918 3
