3067 4575
804 561 847 629 34

376 769 448 833 λεια
469 767 632 834 Euboicae
652 769 777 836 insulae
801 793 919 837 nomen
941 781 1003 850 est,
1030 773 1111 838 nihil
1131 779 1271 842 attinens

377 890 418 955 ad
440 913 507 956 enm
530 891 571 956 de
593 892 728 988 quo'hie
749 897 853 982 agitur
866 893 1009 961 insulem.
1046 897 1196 984 Denique
1218 885 1273 964 co-

377 1010 455 1078 dicis
477 1013 607 1078 lectioni
622 1013 708 1080 favet
722 1017 959 1102 quodammodo
975 1018 1090 1084 Strabo
1108 1022 1137 1084 X
1157 1044 1189 1107 p.
1205 1023 1272 1088 488

375 1132 397 1215 ἡ
418 1138 478 1220 μὲν
493 1127 551 1202 οὖν
564 1133 788 1203 Ἀστυπάλαια
807 1141 926 1217 ἱκανῶς
941 1145 1011 1206 ἐστι
1024 1143 1172 1227 πελαγία.
1208 1143 1272 1210 Ce-

374 1270 475 1323 terum
504 1281 522 1322 e
550 1262 788 1347 topographicis
815 1263 977 1329 erroribus
1004 1267 1190 1351 scriptorem
1211 1289 1271 1332 no·

374 1393 471 1446 strum
492 1403 560 1445 non
581 1384 748 1448 immunem
778 1405 849 1449 esse
871 1385 989 1450 docent
1011 1409 1049 1452 ea
1072 1409 1153 1473 qnae
1175 1410 1269 1475 snpra

373 1527 405 1588 p.
422 1507 464 1570 18
486 1505 569 1570 dicta
591 1515 673 1568 sunt.

682 1715 739 1778 Vs.
762 1717 829 1782 559
845 1755 885 1768 -
902 1720 957 1783 61.

414 1859 509 1944 Ἑξῆς
526 1865 656 1948 Ἀθῆν,
679 1866 719 1948 ἅς
741 1893 847 1962 φασιν
867 1870 1001 1955 οἰκητὰς
1021 1875 1138 1960 λαβεῖν

415 1982 493 2063 τοὺς
513 1984 580 2054 ἀπὸ
595 1993 774 2078 Πελασγοῦ
795 2000 936 2082 πρῶτον,
958 1993 1016 2076 οὓς
1037 1992 1079 2080 δὴ
1099 2003 1157 2067 καὶ
1170 1998 1269 2085 λόγος

416 2106 595 2191 Κραναοὺς
615 2117 795 2183 καλεῖσθαι
816 2157 860 2168 -
1270 2212 1276 2220 ,

372 2229 410 2293 ln
431 2230 480 2295 his
499 2229 617 2314 Ἀθῆν’
637 2230 678 2315 ἂς
700 2262 718 2305 e
739 2240 894 2330 scaligeri
915 2247 1117 2311 correctione
1140 2245 1266 2326 edinen,

372 2352 473 2437 qualis
495 2356 767 2447 παραδιόρθωσις
794 2376 831 2430 nt
852 2366 1006 2456 Scaligeri
1027 2372 1123 2435 eetnti
1145 2370 1267 2435 condo-

370 2474 474 2539 nanda
498 2481 546 2557 sit,
568 2490 677 2548 no'strn
697 2496 802 2551 tamen
821 2488 940 2554 nniiem
961 2495 1195 2557 excusationem
1212 2492 1267 2557 he-

369 2598 434 2662 bet.
467 2600 505 2664 In
520 2602 630 2669 codiee
652 2605 769 2696 legitur
782 2609 931 2692 Άθῆνας
944 2615 1058 2703 φασίν.
1091 2615 1267 2681 infeliciter
1369 2604 1373 2609 ’

368 2723 445 2785 item
480 2731 689 2815 excogitatum
724 2731 811 2818 quod
839 2734 981 2802 secundo
1010 2758 1105 2803 versu
1140 2742 1267 2826 scripsit

369 2844 552 2913 Letronnos
574 2844 650 2927 τοὺς
669 2848 745 2931 ἀπό,
766 2878 827 2941 pro
842 2877 908 2944 qno
924 2857 1025 2926 codex
1039 2860 1135 2926 habet
1148 2863 1265 2927 ταῦτα.

313 3034 316 3047 ,
369 2968 445 3032 Non
468 2970 598 3057 Oedipo
625 2994 709 3060 opus
739 2989 818 3058 eret,
846 3003 910 3066 qno
933 2982 1013 3047 haec
1033 2987 1077 3048 ita
1098 2984 1266 3049 scribenda

370 3111 439 3155 esse
460 3092 703 3184 intelligeretur:
723 3079 818 3180 Ἑξῆς
836 3090 996 3184 Ἀθῆναι·
1018 3109 1105 3195 φασὶ
1125 3105 1154 3172 5
1176 3112 1266 3187 οἰκη-

368 3208 428 3293 τὰς
449 3216 564 3299 λαβεῖν
585 3215 706 3297 ταύτας
728 3222 923 3308 Πελασγούς
944 3266 988 3277 -—

656 3388 727 3492 r.
750 3431 941 3501 ere-78.
1028 3486 1032 3496 ,

411 3574 537 3646 Αἶκλον
559 3578 589 3645 d'
603 3579 771 3670 Ἐρετρίαν
793 3582 861 3656 ὅντ’
881 3590 1066 3674 Ἀθηναῖον
1085 3602 1177 3679 γένει,

408 3694 469 3779 τὴν
491 3700 522 3767 δ’
539 3707 674 3772 ἐναλίαν
694 3705 875 3799 Κήρινθον
896 3711 1051 3795 ὡσαύτως
1073 3717 1207 3801 Κόθον,
