3067 4575
673 535 717 601 25

249 740 360 807 sebelii
388 742 611 807 emendatione
638 744 832 827 μεσαιγέων,
861 764 920 829 pro
950 764 1014 829 quo
1044 740 1145 807 codex

248 863 347 929 babet
366 868 567 950 μεσαιγείων.
606 865 689 929 Nam
711 873 747 928 nt
769 862 809 928 de
831 865 1003 930 insolentia
1025 866 1145 930 formae
1255 864 1260 870 “

249 986 340 1053 nullo
363 988 508 1076 exemplo
532 986 757 1073 comprobatae
777 996 907 1064 taceam,
929 986 1004 1072 quid
1018 989 1145 1075 tandem

248 1111 312 1175 boe
340 1122 390 1177 est
416 1110 504 1197 quod
525 1108 728 1174 Brundisium
751 1108 1059 1173 mediterraneorum
1090 1111 1147 1175 bo-

248 1235 366 1297 minum
387 1243 499 1319 portus
521 1231 653 1295 dicitnr?
673 1230 707 1293 id
729 1229 818 1316 qood
839 1249 971 1317 prorsus
993 1229 1147 1295 absonum

250 1365 299 1419 est
327 1358 493 1439 omnisque
513 1356 645 1418 rationis
674 1375 795 1440 expers.
848 1354 956 1418 Minus
986 1356 1078 1418 etiam
1101 1357 1147 1417 in-

249 1464 376 1563 telligas
399 1498 479 1562 quae
501 1475 604 1541 ultimi
625 1496 735 1540 versus
763 1478 805 1539 sit
826 1480 997 1557 sententia,
1026 1480 1060 1541 in
1082 1498 1146 1563 quo

249 1596 365 1661 Umbri
391 1576 592 1681 μεσαίτατον
623 1602 721 1663 οἰκεῖν
751 1597 899 1663 dicuntur
927 1594 1039 1664 τόπον.
1095 1586 1160 1663 Αα

249 1718 383 1784 mediam
417 1723 525 1806 superi
551 1718 668 1785 littoris
701 1731 824 1807 partem
860 1720 997 1809 intelligi
1025 1720 1147 1786 voluit?

250 1846 336 1929 atqui
363 1842 398 1907 id
425 1842 566 1907 disertim
594 1842 668 1907 addi
697 1843 847 1909 debebat.
876 1924 878 1933 Ι
902 1842 1013 1909 Edidit
1040 1852 1145 1907 autem

248 1967 293 2030 ita
313 1966 497 2031 Latronnus
526 1964 566 2029 ad
597 1971 735 2031 mentem
756 1966 963 2042 Boissonadi3
991 1986 1067 2029 nam
1094 1985 1147 2029 co-

249 2087 310 2152 dex
336 2084 441 2153 τόπον
462 2109 593 2173 prorsus
615 2092 757 2176 ignorat,
785 2110 845 2176 pro
870 2091 1071 2174 μεσαίτατον
1093 2110 1147 2151 au-

248 2220 322 2291 tem,
342 2232 423 2298 quae
438 2214 547 2275 nescio
563 2214 653 2276 onius
670 2214 855 2276 coniectura
871 2221 925 2291 est,
947 2211 1146 2297 μεσσαιγίων

250 2336 399 2419 scriptum
421 2333 528 2398 babet.
562 2335 779 2400 Neo'felicius
800 2334 1004 2430 Boissonado
1027 2337 1062 2398 in
1083 2335 1146 2398 boc

249 2478 345 2521 versu
372 2455 538 2520 tractando
567 2459 684 2521 versati
718 2467 794 2521 sunt
821 2456 964 2544 Scaliger
991 2459 1047 2542 qui
1075 2451 1146 2540 λεῴ,

249 2578 302 2643 vel
331 2577 501 2643 Salmasius
530 2581 584 2664 qni
614 2580 728 2658 πέδον,
762 2578 816 2643 vel
845 2577 1063 2644 Grotelendus
1092 2581 1146 2664 qui

248 2697 350 2768 πάλιν
370 2711 447 2787 post
464 2697 634 2788 Ὀμβρικοί
653 2704 751 2766 inseri
765 2702 947 2767 voluerunt.
983 2701 1064 2766 Mihi
1078 2721 1145 2766 non

249 2824 379 2890 dubium
409 2834 458 2888 eat
485 2826 561 2909 quin
588 2833 725 2910 utroque
746 2847 843 2889 versu
864 2824 1018 2908 Messapii
1046 2823 1146 2886 nomi-

248 2951 319 3014 nari
341 2946 519 3026 debuerint,
541 2954 658 3032 poetae
672 2946 772 3011 verba
794 2946 955 3010 antemio
977 2944 1062 3008 bunc
1079 2965 1146 3009 mo-

227 3070 323 3137 'dum
346 3069 535 3158 oorrigenda
557 3072 634 3134 sint:
665 3096 668 3105 ·

291 3191 490 3280 Βρεντέσιον
510 3186 652 3258 ἐπίνειόν
671 3190 795 3256 τετῶν
817 3191 1036 3256 Μεσσαπίων·

292 3320 397 3404 πέραν
418 3317 454 3381 δὲ
475 3311 599 3382 τούτων
621 3311 688 3380 ἔστ’
707 3305 769 3399 ὅρη
791 3308 970 3402 Κεραύνια.

294 3440 501 3504 Μεσσαπίων
521 3436 550 3503 d’
570 3439 714 3503 οὶκοῦσιν
732 3433 903 3524 Ὀμβρικοὶ
927 3436 1036 3510 πέλας.

250 3561 350 3648 Quod
364 3571 399 3626 et
410 3560 555 3627 locorum
569 3562 704 3648 naturae
716 3557 1074 3626 accommodatissimum
1090 3565 1145 3636 est,

250 3694 285 3752 et
310 3683 352 3750 ad
378 3683 498 3751 codicis
519 3683 616 3750 iidem
637 3688 781 3774 proxime
809 3680 946 3762 aceedit,
974 3682 1036 3746 nisi
1058 3678 1146 3769 quod

925 3805 948 3870 2
