3067 4575
705 531 747 596 55

653 619 804 628 -α--ι-ιι

277 759 452 809 manassem
465 747 508 842 ¹et
529 738 770 827 Phanagoreem
792 733 890 823 νήσῳ,
912 742 933 804 i.
950 761 978 805 e.
1000 738 1178 827 peninsule,

278 852 433 928 conticeri
456 863 533 928 dicit
553 874 672 926 vastam
695 861 860 947 planitiem
882 861 1060 949 complexa:
1167 895 1170 902 ·

319 979 390 1066 ἥτις
411 980 453 1052 τοὶ
475 987 535 1070 μὲν
557 993 626 1060 τοῖς
649 985 733 1048 ἕλεσι
754 987 842 1050 τοῖσί
863 1008 898 1050 τε
918 994 1083 1069 ποταμοῖς

319 1105 503 1191 decastemi
524 1101 674 1189 τενάγεοί
695 1130 729 1172 τε
752 1117 822 1182 τοῖς
844 1111 880 1172 ἐν
901 1108 949 1192 τῷ
969 1109 1084 1193 πέραν,

318 1224 361 1294 τὰ
383 1231 418 1295 δὲ
440 1229 480 1317 τῇ
501 1223 656 1318 θαλάττῃ
679 1229 717 1320 τῇ
739 1252 773 1293 τε
796 1231 892 1321 λίμνῃ
913 1232 1047 1314 γίνεται.

275 1351 381 1416 Primo
415 1352 528 1415 horum
559 1372 706 1415 versuum
741 1350 829 1438 quod
856 1351 1040 1425 Letronnus
1068 1354 1179 1439 posuit

274 1477 363 1538 τοῖσί
384 1497 418 1538 τε
440 1481 603 1557 ποταμοῖς
631 1473 706 1538 ferri
729 1496 797 1538 non
820 1485 928 1561 potest
949 1485 1085 1562 propter
1107 1497 1178 1540 cau-

275 1618 341 1660 sam
364 1618 458 1682 supra
481 1575 522 1659 ad
546 1617 590 1660 vs.
615 1597 677 1662 726
701 1595 879 1662 indicatam.
923 1595 1036 1685 Vulgo
1059 1597 1178 1686 legitur

274 1717 330 1782 καὶ
351 1727 421 1795 τοῖς
441 1725 610 1802 ποταμοῖς,
634 1719 721 1806 quod
744 1722 801 1786 καλ
821 1727 892 1795 τοῖς
904 1721 1082 1803 ποταμίοις
1103 1722 1177 1786 scri-

273 1839 412 1906 bendum
437 1851 520 1916 erat3
549 1840 645 1928 idque
668 1846 772 1930 ipsum
798 1842 944 1908 locorum
966 1845 1100 1909 istorum
1122 1865 1178 1908 na·
1216 1908 1219 1919 ,

273 1971 362 2028 turae
380 1955 512 2049 prorsus
529 1977 778 2031 consentaneum
795 1976 857 2030 est:
881 1987 948 2030 non
963 1963 1068 2030 fluviis
1085 1969 1177 2045 enim,

272 2085 330 2151 sed
351 2085 548 2152 fluviusculis
577 2097 664 2152 totus
692 2087 748 2153 ille
772 2098 890 2153 tractus
913 2088 1076 2154 scinditur.
1121 2089 1177 2154 Se-

273 2209 379 2274 cundo
405 2232 499 2274 versu
529 2209 687 2276 turbatum
717 2221 849 2276 metrum
878 2214 924 2276 ita
953 2211 1101 2276 facillime
1128 2233 1177 2277 re-

273 2334 361 2396 stitui
382 2337 513 2419 poterit:
536 2330 718 2417 ἀδιάβατος
740 2344 810 2412 τοῖς
831 2331 1002 2419 τενάγεσίν
1023 2322 1107 2399 τ”ὲν
1130 2334 1176 2419 τῷ

272 2458 386 2535 πέραν.
425 2456 592 2521 Postremo
616 2480 711 2523 versu
734 2458 948 2522 revocandum
972 2457 1058 2544 quod
1074 2456 1177 2523 codex

272 2576 369 2641 habet
396 2570 419 2641 ολ
448 2578 498 2656 δέ,
527 2578 615 2665 quod
643 2583 800 2667 sequioris
829 2585 981 2666 temporis
1003 2583 1176 2667 scriptores

272 2710 349 2788 post
369 2692 412 2765 τολ
427 2704 488 2785 μέν
502 2702 620 2768 inferre
640 2714 752 2769 notum
777 2714 833 2768 est.
867 2703 955 2767 Idem
978 2700 1105 2768 dicendi
1122 2724 1176 2791 ge-

272 2846 332 2889 nus
350 2826 466 2911 passim
482 2824 568 2912 apud
583 2838 724 2892 nostrum
740 2826 793 2891 vel
809 2825 1011 2891 obscuratum
1027 2824 1079 2890 vel
1094 2824 1177 2891 male

272 2946 469 3013 intellectum
492 2957 548 3027 est,
569 2948 658 3013 velut
679 2951 751 3027 419,
776 2948 831 3013 ubi
853 2957 941 3011 recte
965 2946 1067 3013 codex
1080 2947 1177 3012 habet

272 3064 314 3137 τὰ
335 3072 395 3154 μὲν
418 3066 526 3137 αὐτῶν
548 3077 710 3135 κατοικεῖν
727 3064 788 3150 τὴν
809 3065 989 3154 μεσόγειον,
1013 3064 1036 3135 οἳ
1058 3064 1176 3149 δὲτὴν

272 3194 448 3296 Ιπαραλίαν,
472 3204 504 3259 et
525 3215 571 3259 vs.
588 3195 653 3257 422
676 3186 699 3257 d
722 3190 751 3257 δ’
771 3189 1044 3279 αὐτονομεῖσθαι.
1082 3192 1176 3259 Adde

273 3319 337 3383 493
360 3311 418 3393 οὓς
439 3317 473 3383 δὲ
495 3309 578 3401 πρὸς
600 3311 753 3401 Κύπρον,
777 3325 810 3380 et
831 3316 896 3381 544
918 3311 979 3393 τάς
1000 3340 1034 3382 τε
1057 3312 1176 3396 νησιώ-

271 3439 366 3515 τιδας
385 3434 496 3515 πόλεις
517 3447 701 3525 κατασχεῖν,
723 3432 764 3515 cic
786 3439 823 3505 ὃλ
835 3440 892 3505 καὶ
906 3442 1101 3505 κατοικίσαι.
1136 3440 1175 3504 ln

274 3560 406 3625 eandem
435 3565 623 3627 sententiam
654 3564 778 3647 accipio
807 3584 854 3627 vs.
879 3564 942 3627 127
970 3556 993 3626 cl
1021 3559 1052 3627 δ’
1075 3557 1176 3639 αὐτὸς

273 3682 343 3767 idle
365 3679 554 3773 φιλοπόνως
584 3679 760 3778 λξητακιός,
789 3686 858 3748 clia
879 3694 987 3749 cutem
1008 3687 1080 3770 ipse
1100 3685 1174 3750 dits
