3067 4575
712 574 771 613 xlx

291 786 397 858 opera
427 766 540 859 petita.
578 788 643 833 neo
675 762 844 833 dissimilis
876 789 990 835 eorum
1024 776 1076 836 est
1110 766 1193 835 ratio

290 919 377 993 quae
407 894 562 991 leguntur
593 894 683 991 apud
713 891 926 990 Apollonium
959 894 1044 969 Hist.
1076 898 1192 969 mirab.

290 1052 362 1123 cap.
391 1029 446 1099 15.
489 1018 666 1120 Σκύμνος
704 1024 802 1118 (cod.
841 1027 1049 1122 Σκυτίνος)
1095 1000 1135 1101 δὲ
1172 1028 1192 1099 ὁ

288 1163 389 1245 Χῖος
413 1151 483 1256 τῆν
504 1148 766 1256 Βροταννικῆν,
776 1160 893 1254 νῆσον
917 1159 1009 1249 λέγει
1035 1163 1193 1233 σταδίων

288 1292 383 1362 εἶναι
405 1290 648 1389 τετρακοσίων
671 1290 1016 1389 (τετραντσχιλίωνῗ)
1034 1283 1076 1363 τὸ
1095 1294 1192 1391 πορί-

288 1447 433 1522 μετρον.
457 1423 649 1514 γίγνεσθαι
673 1417 707 1494 δ’
727 1426 766 1492 ἐν
793 1418 890 1526 αὐτῆ
916 1413 962 1493 τὰ
986 1416 1194 1522 γεννήματα

289 1548 473 1654 ἀπύρῆνα,
500 1554 579 1627 οῖον
602 1545 671 1641 τοὶς
694 1556 817 1641 ἐλαίας
834 1559 1003 1653 πυρῆνας
1018 1548 1070 1655 μῆ
1088 1559 1192 1650 ἔχειν,

288 1690 383 1787 μηδὲ
405 1679 543 1787 βότρυς
565 1689 745 1788 γίγαρτον,
770 1690 865 1785 μηδὲ·
887 1679 933 1759 τὰ
951 1692 1091 1789 ἐμφερῆ
1108 1680 1192 1763 τού-

290 1846 378 1908 τοις.
404 1848 546 1921 quorum
570 1834 741 1919 postrema
766 1847 975 1920 quamquam,
1002 1824 1059 1921 qui
1074 1822 1192 1895 ludere·

286 1956 388 2042 volet,
411 1955 501 2027 haud
525 1981 647 2052 magno
671 1956 810 2051 negotio
836 1954 880 2025 ad
903 1957 1073 2028 trimetros
1093 1982 1194 2029 revoa

288 2114 366 2159 caro
390 2090 530 2185 poterit,
556 2114 586 2160 e.
606 2114 635 2158 ο.
661 2089 696 2159 in
719 2086 809 2157 huno
833 2086 981 2173 modum,

336 2219 416 2292 olor
439 2212 549 2307 ἐλοὶας
565 2218 605 2316 *)
631 2223 800 2319 πυρῆνας
825 2215 892 2292 οὐκ
918 2222 1011 2313 ἔχειν
1034 2210 1151 2312 λόγος,

337 2349 418 2424 οὐδ’
437 2341 486 2426 αὖ
510 2346 648 2452 βότρυς
671 2354 858 2452 γίγαρτον,
885 2349 972 2428 οὐδὲ·
998 2349 1167 2453 τάμφορῆ

337 2475 487 2570 τούτοις
511 2529 557 2540 -
591 2525 597 2536 -

288 2630 400 2688 tamon
426 2629 462 2688 et
476 2618 653 2691 violentior
677 2619 762 2692 haec
779 2622 862 2692 ratio
880 2634 972 2693 esset
995 2632 1029 2692 et
1043 2633 1113 2692 tum
1131 2620 1190 2692 de—

288 2776 379 2822 mum
411 2749 568 2846 aliquam¹
583 2752 826 2848 probabilitatis
856 2754 1006 2848 speciem
1031 2752 1191 2838 habitura,

289 2887 318 2956 si
343 2883 387 2956 de
412 2886 550 2956 metrica
575 2882 767 2984 Soymniani
793 2887 906 2982 operis
930 2883 1036 2954 forma
1059 2883 1191 2958 aliunde

289 3028 384 3088 corto
409 3028 586 3089 constaret„
618 3016 762 3115 donique
789 3016 953 3088 corollarii
969 3016 1046 3087 loco
1072 3015 1191 3088 addam

289 3175 376 3247 quae
400 3151 545 3222 servavit
567 3146 779 3222 Herodianus
803 3145 891 3221 Dict.
918 3149 1003 3220 solit.
1030 3176 1065 3247 p.
1082 3151 1138 3236 19,
1156 3150 1189 3220 4.

289 3284 384 3354 cuius
407 3284 512 3356 verba
544 3281 747 3373 adscribam,
778 3293 815 3354 ut
840 3308 859 3352 a
882 3278 1023 3356 Bloohio
1050 3294 1085 3354 et
1108 3279 1190 3354 Din-

288 3414 395 3488 dorlio
421 3414 595 3489 emendata
620 3428 710 3489 sunt:
743 3407 787 3492 τό
812 3411 846 3488 τ’
858 3409 905 3502 Ἲς
934 3417 995 3490 ἐπὶ
1018 3419 1190 3514 ποταμοῦ

341 3703 375 3773 ⁴⁸)
397 3703 459 3762 Vid.
479 3704 581 3763 Comie.
599 3705 693 3763 Graec.
713 3706 766 3763 rol.
781 3705 816 3766 lll
834 3709 933 3784 poor.
