3067 4575
644 532 797 633 ,νοο-

144 766 145 771 ¹
266 738 462 831 Σαγγάριος
779 734 876 819 οὗτος
897 740 917 808 ὁ
938 741 1088 828 ποταμός

266 870 302 930 ὲκ
322 867 381 947 τῆς
401 862 481 955 ὑπὲρ
509 865 623 932 Θυνῶν
645 888 679 930 τε
702 866 758 931 καὶ
784 864 925 951 Φρυγῶν
942 862 1073 951 χθονός

265 982 447 1075 φερόμενος
468 984 572 1068 ἐξίησι
594 980 648 1053 διὰ
670 989 730 1068 τῆς
756 986 895 1068 θυνίὃος
917 1035 926 1053 .
949 1036 957 1053 .
981 1036 989 1053 .

265 1154 466 1168 —n—

317 1252 460 1309 976-78
477 1250 501 1307 Β
519 1270 547 1329 p.
559 1252 583 1309 ³.
610 1244 688 1315 οὗτος
707 1252 721 1309 ὁ
740 1254 863 1323 ποταμὸς
880 1250 1058 1326 (Σαγγάριος)
1075 1259 1104 1307 ἐκ
1120 1256 1170 1324 τῆς

264 1338 330 1420 ὗπὲρ
351 1346 441 1403 Germe
458 1368 489 1401 τε
507 1350 553 1400 καὶ
570 1352 687 1417 Φρυγίας
709 1344 852 1420 φερόμενος
868 1351 944 1407 ἔξεισι
961 1349 1006 1401 διὰ
1023 1347 1070 1416 τῆς
1089 1350 1170 1402 Oml-

140 1456 141 1459 ’
266 1445 338 1503 atior.
417 1441 477 1495 977.
502 1440 610 1514 Φρυγῶν
626 1441 729 1509 χθονός
746 1436 783 1507 L,
808 1446 925 1514 Φρυγίας
942 1440 1001 1495 aine
1015 1438 1119 1509 χθονός
1136 1438 1169 1494 Β.

265 1533 325 1589 978.
349 1539 427 1605 ἐξίησι
445 1535 491 1590 διὰ
507 1537 555 1605 τῆς
575 1538 687 1597 Θννίδος
704 1530 746 1601 Μ,
769 1538 844 1594 ilem
861 1536 906 1590 διὰ
923 1534 969 1605 τῆς
988 1536 1119 1597 Θυνιάδος
1136 1532 1168 1590 Β.

266 1624 322 1683 cfr.
342 1625 491 1684 Comment.
511 1646 537 1705 p.
550 1629 593 1683 45.

615 1878 817 1889 ..ῃ--ιι-ι

562 2225 865 2305 Addenda.

472 2432 530 2498 Ad
562 2431 961 2498 Commentationem.

325 2564 358 2626 P.
374 2566 423 2640 23,
445 2567 491 2628 1⁰.
525 2565 601 2626 ilino
619 2566 790 2648 intelligitur
808 2567 967 2627 rectissime
986 2565 1169 2646 Stephanum

265 2669 338 2750 Byz.
358 2689 387 2749 p.
401 2669 450 2744 68,
471 2669 509 2728 ll
530 2669 651 2730 dixisse:
669 2663 831 2748 Ἀχίλλονος
851 2666 971 2749 δρόμος,
992 2669 1081 2748 νῆσος
1093 2660 1169 2747 μετὰ

265 2768 318 2850 τὴν
334 2765 493 2851 Ταυρικήν,
507 2772 539 2832 in
552 2791 611 2851 quo
625 2771 728 2833 frustra
741 2773 892 2834 laborabat
905 2765 1069 2833 Koehlerus
1081 2771 1168 2832 Com·

264 2884 353 2937 ment.
373 2874 466 2935 Aoad.
484 2873 602 2956 Petrop.
623 2877 682 2935 vol.
696 2875 729 2937 X
749 2897 780 2957 p.
793 2876 861 2935 621.
891 2876 987 2956 lpeam
1006 2874 1168 2936 Cherrone-

266 2999 331 3040 eum
351 2975 504 3040 Tauricam
529 2979 619 3057 νῆσον
643 2979 770 3060 appellat
787 2977 950 3058 Dionysius
969 2975 1079 3059 Perieg.
1098 2977 1167 3038 550.

264 3079 335 3142 item
358 3081 496 3156 Helicen,
520 3081 648 3142 Achaiae
667 3083 785 3158 urbem,
811 3080 912 3142 Sohol
931 3079 1053 3142 Homeri
1076 3079 1111 3140 ll.
1130 3077 1167 3153 ν’,

265 3185 333 3245 tot.
385 3183 449 3246 Neo
473 3186 580 3246 mirum
599 3185 693 3246 rideri
716 3194 812 3266 potest
830 3185 943 3246 leniam
965 3185 1055 3265 longo
1074 3193 1168 3244 tractu

264 3289 297 3347 in
315 3307 395 3349 mare
413 3289 572 3370 proiectam
584 3279 700 3367 Ἵστρον
713 3289 804 3366 νῆσον
821 3288 880 3348 dici
892 3291 929 3350 ab
943 3298 1062 3348 anctore
1074 3286 1167 3348 Chro-

264 3389 325 3450 nioi
343 3389 445 3452 Pasoh.
467 3390 512 3452 ed.
533 3390 628 3452 Bonn.
648 3413 679 3472 p.
695 3391 763 3466 541,
785 3390 832 3451 18.
872 3389 984 3453 Pariter
1003 3389 1166 3452 Taenarum

264 3496 498 3574 promontorium
517 3493 626 3556 alieubi
645 3495 734 3572 νῆσον
755 3493 813 3554 dici
832 3495 960 3556 memini.

324 3593 358 3656 Ρ.
371 3598 420 3659 47.
450 3597 518 3658 Νοο
537 3607 616 3659 reete
636 3597 698 3657 dixi
717 3595 841 3676 Soymni
859 3598 1020 3659 orationem
1040 3598 1078 3660 ab
1097 3615 1165 3659 ana·

266 3698 401 3780 strophae
419 3719 475 3762 uon
492 3720 613 3781 prorem
633 3720 695 3762 esse
715 3699 848 3763 alienam
