3067 4575
809 530 853 599 28

427 743 480 813 διὸ
501 748 558 811 καὶ
578 740 622 809 τὰ
642 741 760 824 πλήθη
782 738 893 807 πάντα
914 743 979 805 τῶν
1001 735 1179 825 οἰκητόρων

427 870 672 954 μελανειμονεῖν
692 890 728 931 τε
749 860 913 940 amauvis
934 862 963 929 τ’
983 866 1065 949 ἔχειν
1086 857 1214 939 στολάς.

383 993 506 1057 Horum
526 1012 675 1054 versuum
695 993 799 1076 primo
821 989 947 1071 προτοῦ
968 1008 1005 1049 ex
1022 986 1208 1074 apographo
1223 986 1282 1049 Pa-

383 1114 494 1192 latino,
514 1123 551 1179 ut
570 1112 705 1191 ridetur,
726 1122 890 1198 receptum
913 1120 969 1186 est,
996 1130 1091 1195 quum
1114 1112 1147 1173 iu
1169 1106 1281 1173 eodioe
1389 1150 1391 1165 .

383 1232 467 1324 πρὸς
494 1239 645 1322 seriptum
673 1239 729 1309 sit;
755 1239 864 1320 itaque
885 1230 985 1295 multo
1012 1230 1210 1320 probabilius
1234 1242 1283 1295 est
1390 1232 1391 1237 ’

383 1359 557 1445 Scymuum
584 1361 747 1444 scripsisse
774 1352 890 1443 πάρος.
940 1353 1058 1419 Similis
1086 1358 1188 1441 quarti
1213 1376 1291 1418 ver-.
1391 1408 1392 1419 ,

384 1502 438 1545 sus
459 1484 556 1558 ratio,
584 1482 640 1545 ubi
661 1502 758 1566 quum
785 1482 819 1542 τέ
841 1486 917 1564 post
941 1478 1186 1561 μελανειμονεῖν
1208 1496 1283 1541 cou-

384 1615 433 1667 tra
462 1602 584 1667 codicis
610 1601 707 1667 fidem
735 1600 857 1665 illatum
886 1604 940 1678 sit,
974 1603 1139 1687 sequeutia
1170 1610 1284 1679 autem,

384 1718 549 1801 πενθικὰς
569 1726 653 1808 ἔχειν
675 1720 808 1801 στολάς,
838 1722 916 1787 nihil
937 1726 1002 1786 siut
1023 1725 1085 1787 uisi
1114 1722 1285 1810 amplificu-

386 1850 434 1910 tio
455 1847 515 1912 τοῦ
534 1848 786 1931 parassemus,
807 1845 892 1911 haud
914 1844 1012 1932 paulo
1034 1848 1151 1911 rectius
1174 1844 1215 1909 ad
1237 1845 1285 1910 di·

387 1966 481 2033 cendi
502 1988 593 2033 usuru
622 1972 785 2055 scripseris
813 1970 1059 2053 μελανειμονεῒν
1082 1963 1286 2049 παθητικάς

386 2088 416 2155 τ’
435 2093 519 2176 ἔχειν
539 2086 669 2167 στολάς.
703 2090 852 2157 Ceterum
874 2102 973 2156 totam
991 2091 1074 2155 hauc
1088 2090 1128 2155 de
1142 2090 1284 2157 Eridano

387 2213 593 2300 παρέκβασιν
613 2212 688 2277 iude
711 2235 730 2276 a
750 2236 796 2279 vs.
811 2216 998 2281 sss-4⁰1
1020 2236 1088 2279 nou
1108 2225 1195 2279 reete
1209 2224 1286 2302 post

387 2338 531 2402 Ismenos
560 2348 593 2401 et
614 2339 780 2402 Mentores
807 2338 926 2402 illatam
956 2360 1027 2402 esse
1056 2347 1198 2424 apertum
1228 2347 1285 2402 est„

389 2460 635 2545 'transponendi
656 2465 755 2549 igitur
775 2463 828 2524 isti
849 2483 975 2540 versus,
1002 2481 1070 2525 uun
1092 2460 1231 2547 quidem,
1250 2471 1288 2526 ut
1394 2445 1395 2524 J

389 2581 570 2646 Klauseuus
593 2581 633 2646 ad
654 2585 806 2648 Hecataei
827 2583 938 2670 fragm.
961 2608 993 2671 p.
1009 2586 1052 2650 59
1074 2583 1185 2662 voluit,
1211 2593 1288 2670 post

388 2706 470 2782 374,
498 2713 628 2789 etpost
648 2705 728 2784 390,
755 2704 814 2768 sed
842 2709 886 2770 its
917 2717 952 2770 ut
978 2716 1053 2794 pust
1078 2707 1163 2772 hune
1184 2709 1288 2793 ipsum
1394 2763 1395 2768 ,

388 2847 514 2890 versum
541 2848 623 2891 uuus
653 2826 807 2891 excidisse
831 2825 984 2896 videatur.
1037 2830 1220 2917 Sequuntur
1239 2851 1287 2894 vs.

390 2951 455 3014 4⁰5
477 2950 568 3014 haec:

432 3069 507 3151 ἑξῆς
528 3071 563 3136 δὲ
583 3067 710 3156 μεγάλη
728 3071 929 3162 χερρόνησος
946 3070 1077 3154 ’Υλλική

432 3187 516 3279 πρὸς
536 3188 597 3273 τὴν
618 3192 881 3277 Πελοπόννησόν
903 3219 934 3260 τι
956 3193 1152 3281 ὲξισουμένη.

389 3316 438 3379 lta
467 3318 552 3380 euim
580 3315 621 3378 ad
650 3315 769 3380 codicis
797 3317 893 3382 fidem
923 3341 1008 3384 nunu
1037 3317 1155 3396 editur;
1188 3317 1289 3408 vulgo

389 3458 450 3524 pro
472 3439 506 3501 τί
526 3435 694 3524 legebatur
710 3442 752 3516 τέ,
775 3439 862 3524 quod
875 3443 1009 3508 Vossius
1026 3453 1102 3530 post
1115 3435 1177 3522 τὴν
1189 3452 1291 3508 trans-

390 3557 542 3644 ponebat.
578 3561 620 3622 At
640 3579 701 3622 uec
722 3563 755 3624 τί
776 3583 884 3626 verum
906 3575 994 3650 putu,
1017 3587 1202 3652 quemquam
1224 3566 1291 3630 his-

391 3688 444 3742 tus
472 3683 615 3745 excusari
640 3691 748 3766 potest
777 3685 927 3772 exemplis
956 3688 997 3754 ud
1025 3687 1149 3755 Comic,
1173 3689 1289 3755 Graec„
